1928 3344
175 219 234 272 na
256 220 391 277 annuo
416 220 691 289 cancrentur.
716 220 744 276 v,
838 234 852 289 ς

65 358 137 413 inter
154 360 249 414 Gallos
273 359 451 429 auctoritatis,
475 368 649 430 cognoverat
694 359 855 415 Accedebat

65 440 129 510 huc,
150 441 225 510 quod
245 442 306 512 jam
326 441 355 495 in
379 442 495 496 concilio
518 442 674 496 AEduorum
699 442 854 496 Dumnorix

12 529 16 536 '
65 523 180 593 dixerat,
192 524 244 578 sibi
256 541 274 578 a
284 525 394 579 Caesare
406 541 521 595 regnum
529 525 647 580 civitatis
657 525 768 580 deferri:
779 526 854 595 quod

64 605 170 660 dictum
190 607 276 660 AEdui
296 607 415 676 graviter
437 608 571 677 ferebant,
594 622 685 678 neque
705 608 852 662 recusandi

63 698 112 742 aut
130 688 297 758 deprecandi
315 696 400 747 causa
410 690 516 760 legatos
533 691 571 744 ad
589 691 729 746 Caesarem
745 691 855 745 mittere

11 796 17 806 ·
63 771 211 829 audebant.
256 773 291 826 Id
313 772 419 827 factum
439 789 473 827 ex
496 773 553 827 suis
573 774 730 843 hospitibus
757 774 853 828 Caesar

63 863 238 923 cognoverat
284 855 336 910 llle
353 855 481 909 omnibus
499 856 589 924 primd
606 857 734 926 precibus
759 865 852 926 petere

62 936 214 1005 contendit,
225 946 256 990 ut
268 936 297 989 in
310 937 402 991 Gallia
419 937 616 1007 relinqueretur
621 957 630 1004 ς
648 938 758 1008 partim,
776 932 852 1009 qudd

62 1017 186 1072 insuetus
211 1019 361 1088 navigandi
391 1037 469 1074 mare
492 1019 616 1086 timeret3
643 1020 753 1090 partim,
777 1014 853 1089 quod

61 1100 239 1169 religionibus
251 1118 313 1157 sese
330 1102 434 1157 diceret
450 1102 584 1172 impediri
622 1104 806 1173 Posteaquam
824 1101 853 1156 id

62 1181 201 1237 obstinate
223 1183 276 1237 sibi
299 1185 394 1252 negari
417 1184 494 1254 vidit,
516 1185 592 1237 omni
612 1200 662 1253 spe
685 1184 852 1255 impetrandi

61 1264 194 1334 adempta
202 1265 340 1335 principes
351 1266 450 1319 Galliae
456 1265 612 1334 sollicitare,
621 1282 750 1320 sevocare
759 1266 851 1334 singu-

62 1346 104 1400 los
116 1346 275 1416 hortarique
286 1348 379 1416 coepit,
397 1348 437 1402 uti
449 1347 478 1401 in
494 1347 645 1402 continenti
663 1356 851 1413 remanerent;

61 1437 137 1482 metu
149 1428 280 1497 territare,
293 1446 350 1482 non
371 1429 432 1484 sine
444 1435 529 1484 causa
540 1429 607 1498 fieri,
619 1427 655 1484 ut¹
664 1429 757 1484 Gallia
774 1429 850 1484 omni

61 1510 205 1564 nobilitate
223 1511 399 1580 spoliaretur:
426 1511 456 1565 id
482 1528 544 1566 esse
561 1511 707 1566 consilium
723 1511 851 1581 Caesaris,

61 1601 100 1661 ut,
112 1609 182 1662 quos
199 1593 229 1646 in
246 1604 397 1664 conspectu
416 1595 515 1649 Galliae
532 1594 686 1650 interficere
703 1604 849 1664 vereretur,

60 1675 113 1729 hos
123 1692 220 1730 omnes
229 1676 258 1729 in
266 1678 439 1732 Britanniam
447 1679 623 1733 transductos
631 1687 754 1734 necaret:
766 1679 850 1733 fidem

61 1756 173 1827 reliquis
185 1757 366 1828 interponere,
381 1760 576 1830 jusjurandum
587 1777 710 1831 poscere,
722 1771 761 1831 ut,
775 1761 849 1831 quod

59 1856 124 1895 esse
136 1856 169 1894 ex
182 1857 234 1894 usu
247 1842 346 1896 Galliae
362 1842 568 1912 intellexissent,
581 1843 721 1897 communi
734 1843 848 1897 consilio

60 1921 292 1978 administrarent.
330 1926 402 1979 Haec
420 1942 438 1978 a
449 1926 635 1996 compluribus
653 1926 690 1980 ad
709 1926 848 1980 Caesarem

61 2004 261 2061 deserebantur.

95 2089 162 2142 VII.
177 2089 240 2158 Qua
250 2091 408 2160 recognita,
422 2091 524 2161 Caesar,
537 2091 612 2162 quod
624 2101 732 2148 tantum
743 2092 848 2148 civitati

59 2170 162 2225 AEduae
170 2171 312 2241 dignitatis
321 2174 649 2243 tribueratcoercendum
658 2184 741 2245 atque
748 2177 849 2231 deterr-

58 2254 170 2322 endum,
191 2255 410 2326 quibuscumque
426 2258 508 2312 rebus
528 2268 630 2328 posset,
649 2259 849 2328 Dumnorigem

60 2337 199 2391 statuebat
206 2356 214 2403 ;
238 2337 313 2407 qudd
333 2338 442 2408 longius
462 2339 521 2408 ejus
544 2341 696 2396 amentiam
718 2342 848 2412 progredi

59 2417 179 2488 videbat,
192 2420 423 2492 prospiciendum,
436 2439 472 2477 ne
484 2423 551 2493 quid
562 2423 615 2477 sibi
627 2440 661 2478 ac
673 2423 712 2477 rei
730 2424 849 2494 publicae

59 2518 159 2557 nocere
170 2513 272 2573 posset.
310 2506 409 2575 Itaque
420 2506 480 2560 dies
493 2506 601 2561 circiter
612 2506 709 2574 viginti
727 2505 849 2577 quinque

59 2584 89 2638 in
101 2601 135 2638 eo
146 2584 208 2639 loco
226 2597 421 2657 commoratus,
439 2588 514 2658 qudd
533 2589 620 2642 Corus
638 2597 736 2643 ventus
753 2589 848 2658 navig-

59 2667 182 2722 ationem
200 2669 452 2740 impediebat-qui
476 2687 609 2739 magnam
625 2679 733 2740 partem
756 2673 848 2727 omnis

59 2750 192 2820 temporis
209 2751 239 2804 in
250 2752 294 2807 his
306 2753 719 2809 locisflareconsuevit-dabat
727 2770 851 2823 operam,
