1928 3344
118 221 150 264 η
326 212 355 268 c.
375 213 491 284 Juan
513 211 697 267 cAEsanrs

116 348 221 418 equites
233 359 327 404 autem
338 368 440 420 magno
453 369 516 406 cum
528 352 649 421 periculo
667 351 808 421 dimicare,
820 369 903 422 prop·

115 441 191 486 terea
202 431 277 501 qudd
289 432 327 486 illi
345 434 430 487 etiam
446 434 571 489 consultd
588 435 750 504 plerumque
767 434 904 503 cederent,

115 522 151 580 et,
164 531 249 583 quum
260 515 374 584 paullrm
386 517 422 570 ab
431 516 585 585 legionibus
595 525 704 570 nostros
714 515 903 584 removissent,

114 612 149 649 ex
161 598 266 652 essedis
279 598 427 666 desilirent,
446 607 473 653 et
484 598 603 667 pedibus
615 598 718 668 dispari
729 598 826 669 proelio
839 615 903 652 con-

115 680 266 734 tenderent.
298 681 442 750 Equestris
455 689 548 734 autem
559 679 650 750 proelii
661 679 732 734 ratio
745 688 772 734 et
783 680 904 735 cedenti·

114 761 166 815 bus
190 771 218 816 et
241 763 448 832 insequentibus
471 779 522 832 par
545 772 628 833 atque
651 761 726 817 idem
752 762 904 831 periculum

115 842 258 899 inferebat.
294 845 456 900 Accedebat
475 846 539 915 huc,
562 855 600 913 ut,
619 861 761 915 nunquam
780 845 904 915 conserti,

116 926 166 979 sed
177 927 231 980 rari
243 927 407 997 magnisque
419 927 569 983 IntervaIIIs
578 928 775 997 proeliarentur,
789 929 903 983 station·

115 1022 201 1076 esque
212 1009 361 1078 dispositas
373 1009 515 1078 haberent,
528 1018 612 1079 atque
626 1009 695 1064 alios
708 1010 755 1063 alii
773 1009 904 1081 deinceps

115 1089 279 1161 exciperent,
300 1091 454 1162 integrique
475 1100 503 1147 et
519 1101 644 1148 recentes
663 1092 823 1162 defatigatis
841 1110 903 1148 suc·

115 1172 250 1228 cederent

148 1256 242 1312 XVII.
263 1258 376 1311 Postero
388 1256 434 1312 die
444 1257 540 1326 procul
552 1273 570 1311 a
580 1257 677 1312 castris
689 1258 783 1312 hostes
792 1257 821 1310 in
829 1257 892 1312 colli

113 1336 167 1391 bus
189 1339 378 1407 constiterunt,
402 1340 512 1409 rarIque
535 1355 566 1393 se
589 1339 735 1394 ostendere
757 1347 786 1393 et
804 1339 902 1408 lenius,

114 1418 198 1487 quarn
210 1421 306 1489 pridie,
320 1430 430 1474 nostros
442 1421 548 1491 equites
556 1422 655 1490 proelio
663 1423 800 1476 lacessere
812 1437 902 1490 coepe·

113 1508 183 1554 runt.
221 1501 277 1556 Sed
294 1501 416 1570 meridie,
436 1518 521 1571 quum
540 1503 635 1556 Caesar
651 1504 803 1572 pabulandi
819 1510 903 1558 causa

113 1589 168 1636 tres
194 1583 317 1651 legiones
339 1592 421 1654 atque
442 1600 554 1639 omnem
572 1586 724 1655 equitatum
748 1604 812 1641 cum
834 1587 902 1641 Caio

113 1664 253 1719 Trebonio
264 1666 356 1734 legato
368 1666 497 1736 misisset,
509 1677 622 1737 repente
634 1686 668 1723 ex
679 1670 807 1724 omnibus
818 1670 901 1740 parti-

113 1747 165 1801 bus
177 1747 214 1802 ad
230 1749 407 1819 pabulatores
425 1750 630 1820 advolaverunt,
649 1751 698 1820 sic,
715 1752 754 1806 uti
767 1754 803 1807 ab
816 1752 901 1822 signis

112 1829 321 1903 legionibusque
340 1849 397 1887 non
418 1833 590 1889 absisterent.
628 1834 732 1902 Nostri,
750 1835 850 1889 acriter
872 1836 901 1888 ln

112 1929 161 1968 eos
173 1915 278 1985 impetu
289 1915 372 1984 facto,
384 1917 550 1984 repulerunt,
561 1931 650 1986 neque
667 1917 751 1970 finem
768 1919 901 1987 sequendi

112 1995 243 2065 fecerunt,
255 1996 348 2067 quoad
357 1997 482 2051 subsidio
495 1999 591 2052 confisi
603 1998 717 2068 equites,
735 2016 821 2069 quum
837 2008 902 2069 post

112 2094 143 2132 se
165 2079 288 2147 legiones
312 2078 445 2148 viderent,
471 2080 626 2150 praecipites
650 2082 744 2136 hostes
768 2091 901 2150 egerunt:

112 2177 268 2230 magnoque
277 2177 491 2217 eommnumero
500 2162 746 2233 intellectamque
756 2164 798 2217 sui
808 2165 901 2232 collig-

111 2242 184 2312 endi,
206 2259 297 2314 neque
312 2243 491 2314 consistendi,
509 2253 558 2299 aut
574 2263 609 2299 ex
625 2246 730 2300 essedis
756 2246 901 2301 desiliendi

111 2324 270 2381 facultatem
288 2326 429 2381 dederunt
472 2329 517 2381 Ex
533 2327 587 2380 hac
604 2326 670 2396 suga
685 2327 819 2398 protinus,
838 2345 901 2399 quae

111 2409 233 2479 unquue
250 2418 443 2479 convenerant,
460 2409 562 2464 auxilia
585 2409 787 2465 discesserunt:
810 2429 901 2482 neque

111 2500 174 2560 post
195 2493 224 2546 id
241 2502 350 2564 tempus
368 2510 491 2564 unquam
508 2490 625 2546 summis
648 2492 794 2547 nobiscum
812 2495 900 2564 copiis

111 2573 204 2627 hostes
217 2578 423 2632 contenderunt

146 2655 256 2709 XVIII.
269 2658 371 2724 Caesar,
384 2657 495 2726 cognito
507 2655 622 2711 consilio
634 2671 737 2728 eorum,
750 2660 788 2713 ad
796 2659 899 2714 flumen

112 2735 244 2792 Tamesin
270 2737 300 2790 in
323 2736 393 2792 fines
418 2737 607 2793 Cassivelauni
631 2740 781 2797 exercitum
802 2739 896 2806 duxitr
