1928 3344
124 225 138 264 ι
334 211 362 264 c.
382 211 500 281 Jurrr
521 212 707 266 cAEsnnrs

122 351 222 403 milites
230 349 355 418 imperat,
364 361 522 420 certumque
532 351 562 403 in
569 350 661 404 locum
668 349 817 404 convenire
826 351 914 420 jubet

123 432 186 499 Qua
204 448 233 484 re
249 433 385 502 nuntiata,
399 434 516 486 Pirustae
533 434 641 502 legatos
658 433 696 486 ad
714 449 777 487 eum
795 433 915 502 mittunt,

122 513 168 583 qui
194 515 321 581 doceant,
351 516 420 568 nihil
443 531 538 570 earum
562 532 653 569 rerum
677 515 788 584 publico
811 514 915 569 factum

121 598 246 667 consilio,
261 612 376 668 seseque
388 608 499 670 paratos
513 614 574 653 esse
585 599 776 653 demonstrant
786 597 917 652 omnibus

121 682 272 737 rationibus
285 685 321 737 de
333 682 437 751 injuriis
451 681 615 736 satisfacere
652 682 777 749 Accepta
788 679 913 735 oratione

120 778 223 830 eorum,
244 765 339 818 Caesar
356 763 466 818 obsides
485 763 610 833 imperat,
628 779 731 832 eosque
748 763 785 815 ad
803 771 907 816 certam

121 844 195 897 diem
219 846 321 899 adduci
341 845 436 915 jubet:
461 845 515 899 nisi
539 846 578 899 ita
600 844 723 915 fecerint,
748 861 809 899 sese
832 844 907 898 bello

122 927 262 980 civitatem
274 937 502 997 persequuturum
515 928 693 982 demonstrat
725 927 780 981 His
792 927 829 980 ad
841 927 916 981 diem

121 1009 258 1080 adductis,
271 1021 302 1064 ut
314 1011 506 1080 imperaverat,
516 1011 633 1066 arbitros
641 1011 712 1064 inter
721 1010 846 1064 civitates
858 1009 916 1078 dat,

121 1092 168 1161 qui
176 1085 257 1146 >litem
270 1094 409 1148 aestiment
421 1111 590 1164 poenamque
602 1094 780 1150 constituant

158 1178 195 1232 11.
217 1178 271 1234 His
290 1177 422 1232 confectis
439 1179 522 1232 rebus
534 1176 770 1246 conventibusque
786 1176 916 1246 peractis,

121 1259 150 1313 in
180 1259 336 1315 citeriorem
361 1259 482 1315 Galliam
505 1261 657 1328 revertitur,
681 1269 766 1328 atque
788 1259 854 1313 inde
877 1258 916 1312 ad

123 1345 271 1398 exercitum
282 1344 471 1414 proficiscitur.
500 1343 544 1397 Ed
556 1359 642 1412 quum
651 1343 781 1410 venisset,
793 1341 915 1396 circuitis

122 1425 251 1477 omnibus
281 1425 413 1491 hibernis,
443 1425 575 1492 singulari
605 1423 725 1477 militum
755 1424 855 1492 studio,
885 1424 915 1477 in

122 1511 231 1558 summa
249 1505 373 1558 omnium
397 1521 489 1562 rerum
512 1504 615 1573 inopia,
640 1504 748 1558 circiter
769 1514 915 1560 sexcentas

121 1587 179 1654 ejus
192 1588 309 1657 generis,
323 1589 401 1657 cujus
413 1581 497 1656 supra
509 1586 767 1654 demonstravimus,
780 1603 875 1657 naves,
886 1598 915 1642 et

120 1670 217 1738 longas
228 1669 325 1738 viginti
337 1680 409 1739 octo,
418 1669 525 1724 invenit
533 1669 690 1740 instructas,
697 1687 787 1740 neque
796 1670 914 1724 multum

120 1754 220 1808 abesse
237 1754 275 1807 ab
298 1770 339 1822 eo,
359 1753 428 1823 quin
445 1753 543 1824 paucis
560 1753 660 1809 diebus
678 1753 778 1808 deduci
791 1763 912 1822 possent

122 1837 294 1892 Collaudatis
306 1837 440 1893 militibus
452 1847 536 1908 atque
548 1837 582 1891 iis
601 1838 648 1907 qui
666 1837 779 1904 negotio
797 1834 912 1902 praefue-

121 1931 190 1987 rant,
215 1921 282 1988 quid
308 1921 365 1973 fieri
389 1921 464 1986 velit,
489 1919 619 1987 ostendit,
645 1926 730 1984 atque
754 1931 851 1969 omnes
876 1918 914 1971 ad

120 2011 229 2068 portum
250 2001 333 2053 Itium
350 1998 496 2053 convenire
509 1999 597 2067 jubet,
617 2014 672 2066 quo
691 2013 723 2050 ex
739 2005 820 2064 portu
838 2015 912 2051 com·

120 2081 349 2134 modissimumin
357 2079 530 2134 Britanniam
539 2079 733 2133 transmissum
742 2095 803 2133 esse
811 2097 912 2149 cogno-

119 2171 204 2231 verat,
215 2162 323 2216 circiter
334 2160 451 2214 millium
458 2176 592 2229 passuum
601 2160 714 2228 triginta
724 2176 741 2213 a
751 2161 910 2216 continenti.

120 2245 195 2298 Huic
207 2245 246 2299 rei
259 2245 334 2314 quod
347 2244 415 2297 satis
428 2259 489 2297 esse
501 2243 593 2296 visum
600 2253 642 2298 est
654 2243 779 2312 militum,
788 2246 912 2314 reliquit:

118 2328 178 2396 ipse
191 2344 255 2381 cum
267 2327 423 2394 legionibus
441 2325 576 2396 expeditis
594 2335 712 2394 quatuor
729 2336 757 2380 et
774 2328 911 2396 equitibus

119 2410 284 2480 octingentis
297 2409 325 2461 in
344 2408 413 2462 fines
432 2408 610 2462 Trevirorum
628 2408 818 2478 proficiscitur,
838 2409 911 2479 qubd

117 2493 147 2546 hi
170 2508 261 2562 neque
284 2491 321 2544 ad
345 2490 463 2544 concilia
493 2491 651 2560 veniebant,
681 2507 772 2561 neque
795 2493 910 2562 imperio

118 2577 261 2647 parebant,
287 2575 496 2642 Germanosque
520 2574 737 2628 transrhenanos
763 2576 910 2631 sollicitare

117 2658 285 2713 dicebantur.

155 2742 208 2794 Ill.
229 2741 300 2793 Haec
325 2738 422 2794 civitas
441 2739 523 2811 longe
546 2740 694 2810 plurimitm
715 2742 798 2799 totius
812 2738 908 2795 Galliac

56 3042 217 3151 ‘X

256 3202 676 3248 *hu-...-
