1928 3344
127 209 162 262 2⁶
340 206 368 261 e.
388 206 503 279 JULJJ
525 207 710 263 cAEsARrs

128 346 267 412 interfici;·
284 362 314 399 se
338 346 376 401 ad
399 363 463 401 eam
487 364 546 402 rem
569 349 713 418 profitetur
740 350 913 419 adjutorem’

129 429 222 483 Facile
234 429 289 483 hac
301 429 425 486 oratione
439 431 550 485 Nerviis
563 434 717 500 persuadet.

162 513 297 566 XXXIX.
319 514 426 582 Itaque,
449 513 595 568 confestim
615 515 737 569 dimissis
757 515 862 569 nuntiis
883 516 922 572 ad

129 595 291 662 Ceutrones,
297 596 428 664 Grudios,
435 597 568 664 Levacos,
579 597 921 668 Pleumoxios,Geidunos,

127 677 175 747 qui
188 694 285 732 omnes
298 679 350 732 sub
363 695 459 731 eorum
471 679 585 747 imperio
599 688 671 748 sunt,
687 681 771 749 quam
783 681 921 735 maximas

128 766 227 814 manus
238 770 363 829 possunt,
374 770 485 829 cogunt,
493 771 520 815 et
530 761 565 815 de
573 762 723 832 improviso
732 763 769 817 ad
778 763 921 817 Ciceronis

127 842 244 896 hiberna
256 843 399 912 advolant,
411 845 537 897 nondum
548 844 585 899 ad
598 861 662 899 eum
679 845 756 898 fame
773 847 809 898 de
821 845 922 899 Titurii

128 933 217 980 morte
240 925 355 994 perlata.
405 927 482 980 Huic
506 944 615 997 quoque
635 928 745 999 accidit,
771 928 846 998 quod
869 928 922 982 fuit

127 1024 251 1074 necesse,
263 1016 295 1061 ut
314 1008 438 1062 nonnulli
458 1008 568 1077 milites,
580 1010 628 1079 qui
647 1010 808 1078 lignationis
830 1011 922 1064 muni·

128 1089 266 1160 tionisque
290 1096 375 1144 causa
394 1091 423 1144 in
443 1091 527 1146 silvas
549 1092 751 1162 discessissent,
774 1093 920 1163 repentino

128 1173 251 1243 equitum
264 1175 385 1228 adventu
396 1174 631 1243 interciperentur.
652 1175 707 1228 His
716 1175 921 1246 circumventis,

127 1262 231 1325 magna
254 1273 340 1310 manu
364 1257 520 1324 Eburones,
546 1256 651 1324 Nervii,
673 1257 813 1310 Aduatuci
837 1266 922 1326 atque

127 1341 227 1393 homm
235 1339 360 1394 omnium
368 1339 436 1393 socii
445 1348 473 1392 et
483 1339 604 1406 clientes,
613 1339 751 1407 legionem
760 1356 922 1409 oppugnare

128 1423 282 1492 incipiunt:
312 1421 400 1474 nostri
430 1420 554 1474 celeriter
577 1422 614 1474 ad
645 1438 722 1474 arma
746 1431 921 1490 concununt,

128 1505 231 1558 vallum
262 1503 460 1559 conscendunt
496 1502 583 1570 AEgre
612 1503 636 1557 is
660 1504 720 1558 dies
744 1513 920 1573 sustentatur,

129 1586 203 1656 quod
217 1602 330 1639 omnem
348 1602 427 1654 spem
446 1584 541 1639 hostes
560 1584 588 1637 in
611 1585 752 1640 celeritate
771 1586 921 1655 ponebant,

129 1677 219 1736 atque,
232 1668 307 1721 hanc
318 1667 414 1738 adepti
425 1667 580 1736 victoriam,
600 1667 629 1720 in
645 1679 808 1738 perpetuum
821 1685 851 1723 se
862 1668 922 1724 sore

128 1751 246 1804 victores
260 1750 444 1805 confidebant.
515 1775 519 1782 ·

163 1835 222 1888 XL.
232 1834 380 1888 Mittuntur
389 1834 425 1887 ad
434 1833 575 1887 Caesarem
582 1832 728 1886 confestim
738 1835 774 1887 ab
788 1832 922 1888 Cicerone

128 1916 222 1984 literae,
242 1916 351 1984 magnis
372 1916 521 1985 propositis
541 1916 671 1985 praemiis,
693 1914 716 1968 si
735 1915 920 1984 pertulissent

130 1998 261 2053 Obsessis
275 1998 404 2051 omnibus
414 1998 475 2067 viis,
487 1999 567 2053 missi
580 1997 797 2066 intercipiuntur.
826 1999 922 2052 Noctu

129 2099 163 2136 ex
177 2088 211 2135 ea
223 2080 347 2148 materia,
360 2097 446 2149 quam
457 2080 618 2135 munitionis
632 2085 717 2135 causa
730 2088 921 2149 comportave-

128 2173 199 2231 rant,
212 2173 300 2217 turres
322 2162 475 2217 admodum
487 2173 600 2218 centum
612 2173 640 2218 et
657 2162 755 2231 viginti
767 2163 922 2217 excitantur

129 2246 284 2302 incredibili
297 2247 437 2302 celeritate
451 2265 457 2301 :
470 2263 533 2316 quae
550 2247 647 2300 deesse
663 2245 739 2314 operi
746 2245 920 2313 videbantur,

128 2327 316 2400 perficiuntur.
355 2330 461 2382 Hostes
473 2338 585 2397 postero
603 2329 656 2394 die,
669 2327 757 2380 multo
769 2328 921 2396 majoribus

129 2414 218 2483 copiis
237 2413 349 2479 coactis,
363 2419 455 2464 castra
468 2419 639 2479 oppugnant,
651 2409 757 2464 fossam
770 2410 919 2479 complent.

129 2498 174 2550 Ab
194 2495 295 2549 nostris
314 2493 413 2547 eadem
431 2492 545 2559 ratione,
571 2498 627 2561 qua
646 2491 743 2560 pridie,
765 2492 921 2547 resistitur:

129 2579 182 2630 hoc
195 2577 267 2629 idem
284 2576 397 2644 reliquis
410 2576 542 2643 deinceps
561 2574 592 2628 fit
613 2573 719 2627 diebus.
758 2575 844 2628 Nulla
855 2591 921 2645 pars

129 2657 254 2712 nocturni
276 2658 408 2729 temporis
429 2659 465 2711 ad
485 2657 610 2711 laborem
631 2656 840 2711 intermittitur:
862 2673 920 2711 non

129 2741 218 2813 aegris,
232 2757 288 2800 uon
301 2741 459 2811 vulneratis,
471 2739 589 2794 facultas
608 2738 709 2812 quietis
728 2738 828 2798 datur:
846 2757 921 2813 quae·
