1928 3344
187 215 247 271 Da
269 212 403 271 BELLO
429 213 611 285 GALLICC,
634 216 712 270 LIB.
737 213 765 271 V.
838 230 868 284 31

82 357 192 410 decima
219 356 283 424 diei,
311 357 406 410 statim
432 356 560 410 nuntium
586 357 615 408 in
643 357 806 410 Bellovacos
836 358 873 409 ad

83 439 212 494 Marcum
225 440 357 493 Crassum
369 448 536 509 quaestorem
547 439 647 504 mittit3
667 440 744 509 cujus
756 439 874 493 hiberna

82 523 198 575 aberant
224 522 261 575 ab
287 537 321 575 eo
348 521 435 575 millia
460 537 593 591 passuum
619 521 717 590 viginti
743 522 872 591 quinque.

81 604 165 673 Jubet
178 603 272 658 media
288 612 370 657 nocte
385 603 523 672 legionem
538 603 684 673 proficisci,
698 604 875 673 celeriterque

82 686 120 739 ad
133 702 163 740 se
175 685 274 740 venire.
321 685 387 740 Exit
400 686 572 741 cumnuntio
586 685 711 740 Crassus.
748 687 874 739 Alterum

82 766 120 820 ad
133 768 232 821 Caium
246 767 364 821 Fabium
376 768 498 837 legatum
509 768 603 836 mittit,
616 777 646 822 ut
658 767 688 820 in
699 767 875 821 Atrebatium

82 849 152 904 fines
176 850 314 918 legionem
337 850 467 919 adducat,
488 850 544 919 qua
565 849 618 904 sibi
641 849 694 904 iter
716 848 874 903 faciendum

82 932 195 985 sciebat
233 932 334 986 Scribit
355 933 486 1001 Labieno,
504 933 528 986 si
547 932 707 1002 reipublicae
726 932 875 986 commodo

82 1013 175 1067 facere
199 1022 303 1084 posset,
328 1031 392 1068 cum
419 1015 528 1083 legione
552 1015 590 1068 ad
613 1014 683 1068 fines
709 1013 876 1068 Nerviorum

82 1097 194 1152 veniat:
223 1097 358 1166 reliquam
384 1107 492 1166 partem
519 1097 663 1165 exercitiis,
690 1097 765 1165 quod
791 1095 875 1166 paulo

82 1179 180 1232 aberat
199 1177 316 1246 longius,
335 1194 393 1231 non
413 1186 492 1247 putat
513 1176 730 1247 exspectandam
739 1195 748 1243 ;
769 1176 876 1246 equites

83 1260 192 1314 circiter
203 1260 420 1328 quadringentos
433 1276 466 1313 ex
478 1260 611 1329 proximis
622 1259 745 1313 hibernis
758 1258 840 1326 cogit.

118 1343 236 1395 XLVII.
257 1344 337 1395 Hora
349 1342 457 1396 circiter
469 1342 551 1396 tertia
559 1343 595 1396 ab
604 1341 827 1396 antecursoribus
840 1340 876 1395 de

84 1424 178 1478 Crassi
190 1424 312 1478 adventu
325 1424 423 1478 certior
434 1425 533 1493 factus,
541 1441 574 1479 eo
587 1424 633 1479 die
644 1424 732 1477 millia
743 1440 876 1494 passuum

82 1506 178 1576 viginti
202 1507 381 1577 progreditur.
419 1507 552 1561 Crassum
577 1507 781 1563 Samarobrivae
804 1523 874 1578 prae·

82 1590 148 1659 ficit,
155 1590 347 1658 legionemque
358 1590 384 1645 ei
396 1591 529 1659 attribuit,
538 1589 613 1660 quod
625 1590 664 1644 ibi
676 1590 876 1659 impedimenta

83 1673 227 1740 exercitus,
248 1673 361 1726 obsides
386 1672 538 1741 civitatum,
557 1673 651 1726 literas
669 1672 804 1742 publicas,
820 1671 874 1724 fiu-

82 1762 263 1823 mentumque
276 1770 367 1822 omne,
384 1755 459 1823 quod
473 1755 506 1808 eo
516 1754 668 1809 tolerandae
680 1754 780 1807 hiemis
792 1758 877 1808 causa

52 1839 53 1842 ’
82 1837 238 1905 devexerat,
247 1836 428 1906 relinquebat.
466 1837 579 1906 Fabius,
588 1846 619 1890 ut
630 1836 796 1906 imperatum
808 1845 874 1903 erat,

82 1936 139 1974 non
160 1921 200 1974 ita
222 1919 340 1973 multum
360 1929 492 1988 moratus,
514 1919 544 1972 in
564 1920 662 1974 itinere
683 1935 747 1974 cum
767 1919 877 1988 legione

35 2017 38 2023 '
82 2003 207 2057 occurrit.
246 2003 393 2072 Labienus,
402 2003 514 2057 interitu
527 2002 625 2057 Sabini
636 2011 665 2057 et
677 2002 754 2057 caede
767 2003 874 2056 cohort-

82 2084 141 2138 ium
167 2083 286 2153 cognita,
314 2101 400 2154 quum
427 2101 524 2139 omnes
548 2083 586 2138 ad
610 2101 674 2139 eum
698 2083 876 2137 Trevirorum

83 2167 171 2236 copiae
191 2168 339 2234 venissent,
361 2167 471 2235 veritus,
494 2184 537 2236 ne,
559 2168 582 2221 si
604 2184 638 2221 ex
658 2166 781 2221 hibernis
803 2167 899 2234 fuga<

83 2251 203 2304 similem
225 2251 426 2320 profectionem
448 2251 567 2320 fecisset,
591 2250 714 2305 hostium
740 2250 875 2318 impetum

83 2332 218 2387 sustinere
226 2350 283 2388 non
292 2343 395 2404 posset,
403 2334 557 2403 praesertim
569 2350 638 2403 quos
647 2332 752 2388 recenti
761 2331 876 2385 victoria

83 2414 172 2469 efferri
194 2416 283 2484 sciret,
301 2416 396 2470 literas
418 2417 522 2470 Caesari
543 2415 666 2483 remittit,
686 2418 790 2483 quanto
811 2428 876 2466 cum

82 2498 204 2569 periculo
216 2498 353 2568 legionem
365 2517 399 2554 ex
410 2499 533 2552 hibernis
547 2499 695 2553 educturus
707 2504 799 2551 esset:
817 2511 877 2549 rem

82 2589 192 2650 gestam
215 2580 244 2634 in
269 2581 446 2636 Eburonibus
472 2580 636 2650 perscribit:
663 2579 753 2646 docet,
778 2595 876 2632 omnes

82 2663 222 2734 peditatus
235 2665 427 2734 equitatusque
440 2663 534 2732 copias
542 2662 718 2717 Trevirorum
728 2661 781 2717 tria
790 2662 876 2717 millia

82 2763 216 2819 passuum
227 2747 310 2819 longe
322 2748 359 2804 ab
371 2746 429 2802 suis
441 2746 539 2803 castris
552 2745 722 2803 consedisse.
