1928 3344
170 206 229 258 DE
251 206 385 262 BELLO
411 205 594 276 GALLICO,
618 206 694 262 LIB.
720 207 747 262 V.
819 220 853 278 39

65 345 253 400 resenuntiari
260 346 489 402 autadTreviros
498 347 610 416 perferri
618 356 718 416 posset.
739 346 852 402 Interim

65 446 99 482 ex
110 428 308 483 consuetudine
320 428 482 498 quotidiani
495 429 699 483 Indutiomarus
711 430 749 483 ad
763 438 854 484 castra

64 509 181 578 accedit,
195 519 279 578 atque
296 509 335 563 ibi
351 526 483 578 magnam
499 519 606 579 partem
624 510 679 564 diei
697 511 833 565 consumit
842 528 851 576 3

64 591 171 659 equites
186 592 242 644 tela
259 590 416 660 conjiciunt,
435 599 464 645 ct
482 598 586 660 magni
606 607 670 645 cum
688 592 854 646 contumeliis

63 674 211 726 verborum
228 683 337 727 nostros
356 674 394 727 ad
412 690 535 742 pugnam
554 683 677 728 evocant
715 675 799 727 Nullo
817 676 854 729 ab

64 755 166 808 nostris
179 754 245 808 dato
257 771 396 824 responso,
408 755 456 809 ubi
468 755 559 809 visum
571 765 621 823 est,
640 757 691 809 sub
710 763 854 824 vesperum

65 836 181 904 dispersi
202 853 235 891 ac
257 837 383 906 dissipati
404 838 557 891 discedunt
595 835 693 892 subito
715 838 854 892 Labienus

64 918 171 972 duabus
189 919 276 988 portis
294 936 406 973 omnem
424 919 576 988 equitatum
593 920 709 985 emittit;
729 919 854 990 praecipit

64 1009 146 1068 atque
159 1000 305 1074 interdicit,
317 1001 468 1071 proterritis
480 1002 605 1057 hostibus
618 1010 701 1072 atque
712 1002 742 1055 in
757 1002 854 1070 sugam

64 1082 306 1152 conjectis—quod
319 1083 387 1152 sore,
402 1083 476 1137 sicut
493 1084 602 1152 accidit,
620 1085 854 1138 videbat-unum

64 1180 160 1219 omnes
173 1172 268 1233 petant
282 1165 520 1230 Indutiomarum
539 1182 593 1219 neu
605 1165 667 1234 quis
683 1181 766 1235 quem
777 1164 854 1235 priiis

63 1247 195 1314 vulneret,
208 1246 292 1316 quim
304 1246 381 1300 illum
392 1246 565 1301 interfectum
576 1246 683 1316 viderit,
692 1246 767 1316 quod
776 1253 855 1300 mori

64 1328 231 1398 reliquorum
243 1329 364 1398 spatium
375 1338 487 1383 nactum
499 1329 577 1382 illum
588 1329 707 1396 effugere
723 1329 854 1384 nolebatt

65 1427 167 1478 magna
182 1411 311 1481 proponit
329 1411 371 1479 iis,
390 1411 437 1481 qui
456 1411 612 1479 occiderint,
631 1411 765 1481 praemia:
789 1411 853 1465 sub

64 1493 147 1548 mittit
176 1494 304 1549 cohortes
333 1493 470 1563 equitibus
500 1493 631 1548 subsidio.
683 1494 853 1562 Comprobat

64 1576 184 1631 hominis
197 1576 342 1630 consilium
353 1576 463 1630 fortuna
475 1594 483 1642 ;
503 1586 538 1646 et,
551 1593 636 1646 quum
651 1593 737 1630 unum
755 1592 853 1630 omnes

63 1666 194 1728 peterent,
206 1658 235 1712 in
252 1658 314 1728 ipso
331 1658 452 1712 fluminis
470 1658 542 1712 vado
561 1658 748 1727 deprehensus
768 1658 853 1712 Indu·

63 1742 196 1796 tiomarus
225 1739 392 1809 interficitur,
422 1750 559 1810 caputque
587 1741 646 1809 ejus
676 1741 790 1794 refertur
822 1739 852 1792 in

64 1833 175 1876 castra:
201 1823 347 1876 redeuntes
359 1821 479 1891 equites,
497 1838 567 1891 quos
584 1830 709 1890 possunt,
728 1830 851 1874 consect-

63 1914 144 1958 antur
173 1914 256 1973 atque
285 1903 421 1959 occidunt.
443 1906 445 1908 ’
466 1904 529 1957 Hac
559 1920 589 1957 re
613 1903 731 1971 cognito,
756 1917 852 1956 omncs

64 1989 226 2041 Eburonum
240 1996 267 2040 et
286 1986 459 2054 Nerviorum,
472 2001 535 2055 quae
553 1994 745 2053 convenerant,
764 1983 852 2053 copiae

63 2069 227 2135 discedunt;
246 2067 383 2137 pauloque
394 2067 491 2121 habuit
508 2076 571 2137 post
589 2067 618 2121 id
634 2066 739 2124 factum
757 2067 852 2125 Caesat

63 2149 225 2221 quietiorem
239 2149 365 2207 Galliam
