1928 3344
187 224 246 278 DE
269 224 404 279 BELLO
430 225 614 292 GALLICO,
637 225 713 280 LIB.
739 224 767 280 V.
840 237 872 291 29

82 362 220 418 maximus
238 365 361 418 hostium
379 381 510 419 numerus
531 365 719 420 vulneraretur
730 373 813 434 atque
833 364 872 418 in·
954 437 956 441 Ι

83 445 261 514 terficeretur,
280 456 311 500 ut
335 463 367 500 se
387 448 439 500 sub
464 447 526 517 ipso
549 448 623 500 vallo
641 448 874 518 constipaverant,

82 545 278 598 recessumque
299 528 395 597 primis
416 529 505 582 ultimi
529 546 585 582 non
606 530 719 584 dabant.
757 529 874 584 Paulirm

82 609 197 680 quidem
215 610 374 664 intermissa
393 611 514 680 flamna,
534 621 562 665 et
582 611 704 679 quodam
724 612 786 665 loco
807 612 874 665 turri

83 691 186 746 adacta
204 701 231 746 et
249 692 427 761 contingente
438 694 550 760 vallum,
563 693 652 748 tertiae
666 694 787 748 cohortis
799 684 874 748 cent·

82 773 194 828 uriones
223 789 258 828 ex
281 791 322 843 eo,
335 791 390 845 quo
404 776 524 844 stabant,
536 775 598 829 loco
610 784 784 831 recesserunt
797 792 873 830 suos·

83 872 138 926 que
156 872 254 911 omnes
272 868 467 923 removerunt;
485 868 553 912 nutu
572 859 742 929 vocibusque
770 860 874 926 hostes,

83 940 134 994 “si
158 940 271 994 introire
296 942 422 1009 vellent,”
449 957 549 995 vocare
574 951 725 1011 coeperunt,
758 937 874 1011 quorum

84 1021 213 1090 progredi
222 1037 306 1074 ausus
314 1030 455 1075 estnemo.
485 1023 560 1075 Tum
568 1040 601 1076 ex
609 1023 685 1076 omni
697 1031 775 1093 parte
787 1022 875 1091 lapid-

83 1104 145 1158 ibus
159 1104 291 1173 conjectis
304 1104 451 1170 deturbati,
464 1104 600 1173 turrisque
612 1120 749 1158 succensa
760 1114 811 1158 est.

119 1186 222 1239 XLIV.
242 1187 330 1238 Erant
342 1185 371 1237 in
383 1190 418 1238 ea
434 1185 543 1252 legione
551 1185 694 1239 fortissimi
705 1184 756 1238 viri
769 1194 875 1240 centur·

84 1267 172 1334 iones,
186 1266 233 1334 qui
252 1266 312 1335 jam
331 1266 428 1335 primis
450 1265 593 1320 ordinibus
614 1266 875 1337 appropinquarent,

84 1349 166 1403 Titus
191 1348 280 1402 Pulfio
304 1358 332 1402 et
357 1348 458 1402 Lucius
487 1349 621 1403 Varenus.
660 1349 700 1403 Hi
729 1359 876 1420 perpetuas

85 1431 286 1487 controversias
299 1431 370 1486 inter
388 1448 418 1485 se
429 1431 579 1502 habebant,
592 1432 706 1502 quinam
726 1433 876 1488 anteferre·

85 1525 136 1585 tur,
149 1515 332 1584 omnibusque
344 1514 425 1567 annis
439 1514 548 1568 deloco
561 1514 676 1568 summis
689 1514 876 1569 simultatibus

85 1597 297 1652 contendebant.
335 1599 379 1650 Ex
399 1597 433 1651 iis
455 1597 551 1664 Pulfio,
578 1614 664 1667 quum
685 1599 819 1654 acerrime
839 1599 876 1652 ad

85 1679 254 1734 munitiones
284 1688 459 1748 pugnaretur,
487 1678 589 1747 “Quid
620 1679 755 1748 dubitas,'’
778 1679 875 1749 inquit,

87 1765 103 1793 “
112 1764 221 1816 Varene
231 1763 242 1815 i
254 1772 302 1816 aut
315 1778 398 1831 quem
412 1762 505 1815 locum
526 1762 681 1830 probandae
692 1762 802 1816 virtutis
821 1771 877 1815 tuae

86 1845 213 1914 spectas?
221 1845 276 1914 hic,
288 1845 335 1898 hic
347 1845 407 1898 dies
421 1846 456 1898 de
468 1844 571 1899 nostris
584 1844 778 1898 controversiis
787 1844 876 1914 judic·

86 1928 167 1982 abit.”
212 1929 285 1981 Haec
302 1944 388 1997 quum
409 1927 531 1992 dixisset,
547 1928 673 1997 procedit
693 1937 770 1982 extra
787 1928 878 1982 muni·

88 2011 183 2079 tioneS,
196 2027 312 2080 quaeque
324 2027 389 2079 pars
398 2011 521 2064 hostium
540 2010 742 2065 confertissima
753 2012 815 2066 visa
826 2020 877 2079 est,

86 2091 116 2145 in
127 2107 192 2146 eam
210 2092 345 2161 irrumpit
384 2093 430 2145 Ne
447 2093 575 2145 Varenus
593 2092 706 2161 quidem
724 2102 786 2147 tum
802 2094 878 2147 vallo

87 2191 148 2229 sese
160 2175 291 2242 continet,
305 2176 355 2228 sed
377 2174 501 2227 omnium
521 2175 624 2229 veritus
645 2176 878 2230 existimationem

88 2257 272 2325 subsequitur.
309 2260 392 2322 Tum,
410 2257 544 2311 mediocri
562 2258 654 2327 spatio
672 2259 776 2327 relict0,
790 2258 878 2312 Pulfio

87 2340 175 2409 pilum
186 2341 215 2393 in
233 2341 329 2394 hostes
348 2341 433 2394 mittit
453 2350 536 2410 atque
557 2357 645 2394 unum
657 2357 692 2395 ex
703 2340 879 2394 multitudine

88 2431 294 2490 procurrentem
302 2422 449 2490 transjicit:
465 2440 520 2492 quo
533 2439 664 2492 percusso
676 2432 704 2476 et
712 2422 879 2490 exanimato,

88 2503 163 2556 hunc
186 2504 272 2558 scutis
284 2513 432 2574 protegunt
444 2505 548 2572 hostes,
560 2505 589 2558 in
602 2505 679 2557 illum
691 2505 747 2557 tela
758 2504 879 2559 universi

87 2585 237 2654 conjiciunt
275 2602 365 2655 neque
396 2586 464 2638 dant
500 2585 674 2653 regrediendi
709 2586 876 2642 facultatem.

88 2665 272 2733 Transfigitur
291 2675 400 2720 scutum
423 2664 548 2732 Pulfioni,
563 2673 591 2718 et
606 2675 733 2721 verutum
744 2668 774 2722 in
785 2668 878 2722 balteo

87 2748 222 2818 defigitur.
259 2749 366 2802 Avertit
387 2746 434 2802 hic
456 2763 538 2802 casus
557 2741 700 2818 vaginam,
709 2760 740 2804 et
756 2749 891 2817 gladium
