1928 3344
164 215 225 268 oa
246 214 381 269 nacto
407 214 589 282 carasco,
614 213 691 267 tra
717 214 744 267 V.
817 224 852 282 ³7

57 355 117 411 scio
138 355 332 410 mirandumne
351 354 396 424 sit,
418 369 504 424 quum
524 354 713 424 compluribus
732 353 792 408 aliis
815 353 851 409 de

58 437 158 507 causis,
170 447 230 493 tum
241 437 370 506 maxime,
383 435 466 507 qubd,
478 437 526 507 qui
534 437 634 491 virtute
642 437 708 490 belli
721 436 850 491 omnibus

57 522 187 590 gentibus
207 521 432 591 praeferebantur,
451 529 561 575 tantum
580 537 611 575 se
632 520 691 589 ejus
712 520 850 589 opinionis

58 604 257 674 deperdidisse,
279 612 310 657 ut
334 620 353 656 a
380 603 486 672 Populo
505 605 634 657 Romano
656 603 772 673 imperia
789 619 850 672 per·

56 688 168 755 ferrent,
181 685 344 756 gravissime
356 686 495 741 dolebant

95 770 151 825 LV.
170 768 277 824 Treviri
310 767 376 824 verb
409 777 493 839 atque
529 768 735 824 Indutiomarus
765 768 849 824 totius

57 851 157 906 hiemis
181 851 287 905 nullum
310 859 420 921 tempus
444 850 657 921 intermiserunt,
681 852 749 922 quin
772 861 849 906 trans

58 935 189 989 Rmnum
213 934 319 1003 legatos
340 934 490 1004 mitterent,
510 935 636 991 civitates
663 935 848 1001 sollicitarent,

56 1017 189 1086 pecunias
201 1017 401 1086 pollicerentur,
414 1024 517 1087 magna
528 1027 608 1088 parte
618 1018 753 1073 exercitiis
761 1017 849 1072 nostri

56 1098 208 1167 interfecta,
225 1099 312 1153 multo
324 1098 460 1154 minorem
472 1117 617 1170 superesse
634 1100 758 1154 dicerent
775 1109 849 1170 part-

57 1199 110 1236 em.
149 1185 249 1252 Neque
266 1192 361 1238 tamen
378 1183 427 1236 ulli
444 1182 549 1238 civitati
569 1184 771 1238 Germanorum
788 1200 849 1254 per·

56 1265 171 1320 suaderi·
186 1265 284 1335 potuit,
301 1274 331 1320 ut
350 1267 480 1321 Rbenum
492 1266 629 1336 transiret,
641 1283 727 1337 quum
739 1268 791 1321 “se
804 1266 849 1320 bis

56 1349 207 1418 expertos''
236 1348 368 1418 dicerent,
396 1349 550 1404 “Ariovisti
579 1350 652 1404 bello
682 1358 710 1404 et
739 1349 849 1404 Tench·

56 1433 198 1487 therorum
227 1433 353 1502 transitu,
382 1450 439 1487 non
465 1448 527 1487 esse
557 1431 677 1502 amplius
709 1432 849 1486 fortunam

56 1514 245 1569 tentandam.''
280 1516 344 1570 Hac
357 1532 406 1585 spe
420 1515 515 1585 lapsus
535 1515 749 1584 Indutiomarus,
761 1514 848 1568 nihilo

57 1597 150 1651 minias
170 1598 266 1667 copias
290 1615 397 1668 cogere,
417 1614 551 1667 exercere,
572 1615 590 1652 a
612 1597 738 1652 finitimis
762 1613 848 1668 equos

56 1697 163 1750 parare,
182 1682 290 1736 exsules
310 1681 512 1751 damnatosque
537 1686 597 1734 tota
624 1681 716 1734 Gallia
738 1679 848 1748 magnis
927 1702 931 1711 ’

56 1762 180 1832 praemiis
192 1762 229 1816 ad
241 1779 272 1817 se
283 1763 393 1818 allicere
405 1765 497 1833 coepit
533 1765 577 1817 Ac
594 1771 703 1816 tantam
721 1762 774 1816 sibi
788 1763 849 1832 jam

57 1846 91 1900 iis
110 1846 192 1900 rebus
209 1845 240 1898 in
261 1845 353 1899 Gallia
371 1846 564 1900 auctoritatem
587 1852 803 1914 comparaverat,
818 1851 850 1898 ut

56 1928 180 1997 undique
198 1927 235 1981 ad
253 1943 317 1982 eum
337 1928 489 1997 legationes
512 1936 713 1996 concurrerent,
730 1927 848 1998 gratiam

57 2020 142 2081 atque
153 2010 306 2065 amicitiam
317 2011 427 2080 publice
438 2011 622 2081 privatimque
634 2020 766 2080 peterent

94 2095 168 2148 LVI.
189 2094 247 2149 Ubi
259 2093 391 2148 intellexit
402 2093 473 2148 ultro
491 2093 529 2147 ad
547 2110 578 2148 se
595 2093 690 2162 veniri,
710 2095 797 2149 altera
816 2110 849 2149 ex

58 2185 136 2246 parte
163 2177 288 2230 Senones
313 2176 503 2245 Carnutesque
526 2177 697 2233 conscientia
718 2176 849 2231 facinoris

57 2259 191 2327 instigari,
221 2259 309 2313 altera
344 2258 463 2313 Nervios
498 2259 714 2330 Aduatucosque
746 2260 850 2314 bellum

59 2342 194 2395 Romanis
213 2358 318 2410 parare,
336 2358 426 2411 neque
447 2341 500 2395 sibi
519 2343 735 2397 voluntariorum
755 2342 850 2412 copias

59 2425 162 2493 defore,
174 2424 199 2478 si
210 2440 245 2479 ex
256 2425 357 2479 finibus
370 2424 427 2479 suis
445 2425 574 2495 progredi
592 2424 742 2493 coepisset:
761 2440 850 2478 arma·

58 2517 119 2563 tum
149 2507 296 2562 concilium
318 2508 505 2562 indicit-hoc
534 2524 611 2562 more
643 2507 786 2560 Gallorum
808 2517 851 2564 est

58 2591 170 2646 initium
189 2591 353 2660 belli-quo
374 2591 436 2660 lege
456 2590 596 2645 communi
616 2606 713 2645 omnes
732 2591 850 2660 puberes

59 2676 158 2731 armati
170 2676 319 2731 convenire
330 2676 513 2742 consudmnt3
534 2675 581 2745 qui
593 2691 627 2730 ex
638 2675 672 2730 iis
683 2677 851 2733 novissimus

58 2759 141 2828 venit,
152 2758 180 2813 iu
193 2767 342 2830 conspectu
352 2759 535 2815 multitudinis
545 2759 673 2816 omnibus
685 2762 861 2816 cruciatibus
