1928 3344
189 188 250 240 oa
272 186 406 241 narro
433 186 614 254 aarum,
639 185 716 240 rra.
742 186 769 242 ν.
842 198 874 251 27

84 342 202 397 cumque
214 327 250 381 ad
264 327 382 396 proximi
401 326 455 381 diei
469 327 704 396 oppugnationem
718 342 788 395 opus
802 334 874 394 sunt,

82 419 166 464 noctu
198 417 394 479 comparantur
408 427 414 463 :
443 409 538 463 multae
550 418 679 478 praeustae
691 409 785 476 sudes,
797 425 872 476 mag·

83 509 134 545 nus
147 492 296 546 muralium
317 491 436 561 pilorum
455 508 586 545 numerus
600 491 751 545 instituitur
760 511 768 556 ;
788 499 875 544 turres

82 575 303 641 contabulantur,
317 574 411 642 pinnae
432 574 579 643 loricaeque
599 590 632 627 ex
646 574 767 627 cratibus
789 581 875 627 attex-

82 666 173 710 untur.
211 658 276 726 Ipse
296 657 401 725 Cicero,
422 673 508 725 quum
533 656 697 711 tenuissima
718 656 876 710 valetudine

83 748 166 807 esset,
178 755 214 793 ne
223 748 391 794 nocturnum
400 739 513 809 quidem
525 739 578 793 sibi
591 748 700 808 tempus
708 739 745 791 ad
755 738 875 808 quietem

82 821 263 890 relinquebat,
284 831 315 875 ut
334 822 406 875 ultro
426 822 545 875 militum
566 838 701 880 concursu
714 839 747 875 ac
759 821 875 875 vocibus

82 904 134 957 sibi
147 921 260 973 parcere
277 913 425 972 cogeretur.

117 988 193 1041 XLI.
213 989 295 1040 Tunc
315 987 399 1040 duces
421 987 616 1056 principesque
638 987 815 1055 Nerviorum,
827 987 874 1055 qui

82 1068 204 1138 aliquem
216 1069 351 1122 sermonis
361 1069 468 1123 aditum
486 1086 655 1139 causamque
667 1069 798 1125 amicitiae
810 1086 875 1122 cum

84 1150 218 1204 Cicerone
246 1151 397 1217 habebant,
428 1151 547 1219 colloqui
579 1167 640 1205 sese
669 1153 740 1206 velle
770 1151 873 1206 dicunt.

84 1235 172 1286 Facta
183 1239 327 1301 potestate,
340 1231 446 1298 eadem,
460 1247 522 1300 quae
534 1231 678 1284 Ambiorix
692 1249 755 1285 cum
767 1232 875 1286 Titurio

83 1323 185 1383 egerat,
219 1321 446 1381 commemorant,
477 1315 616 1368 “omnem
639 1330 701 1368 esse
730 1314 760 1367 in
789 1314 874 1368 armis

85 1395 214 1462 Galliam,
242 1396 398 1449 Germanos
429 1395 560 1449 Rhenum
589 1395 728 1463 transisse,
755 1397 873 1450 Caesaris

82 1479 303 1548 reliquorumque
314 1477 432 1532 hiberna
444 1478 623 1547 oppugnari.”
657 1478 774 1533 Addunt
787 1479 873 1534 etiam

83 1561 118 1615 de
149 1561 247 1617 Sabini
276 1570 373 1615 morte.
410 1561 602 1629 Ambiorigem
636 1570 777 1615 ostentant
808 1562 873 1616 fidei

84 1644 218 1697 laciendae
243 1649 342 1696 causa:
373 1646 390 1675 “
399 1660 490 1697 errare
510 1660 558 1696 eos
566 1644 580 1670 ''
598 1644 702 1711 dicunt,
724 1644 774 1698 “si
798 1644 872 1712 quic·

83 1743 168 1795 quam
180 1727 216 1780 ab
228 1727 272 1778 his
284 1725 406 1795 praesidii
419 1735 539 1795 sperent,
553 1725 600 1794 qui
612 1725 670 1778 suis
683 1726 765 1779 rebus
783 1726 874 1780 diffid-

83 1817 149 1873 ant;
178 1824 241 1862 sese
261 1817 355 1861 tamen
376 1807 431 1860 hoc
450 1823 513 1861 esse
534 1807 564 1859 in
586 1807 750 1861 Ciceronem
773 1809 872 1877 Popul-

82 1907 184 1960 umque
209 1892 369 1944 Romanum
394 1889 496 1957 animo,
517 1898 547 1943 ut
572 1889 640 1942 nihil
673 1889 728 1943 nisi
757 1890 873 1946 hiberna

82 1981 209 2026 recusent
229 1980 313 2041 atque
332 1972 405 2025 hanc
425 1972 629 2026 inveterascere
642 1973 873 2029 consuetudinem

82 2055 190 2110 nolint:
207 2055 290 2110 licere
302 2054 356 2109 illis
376 2054 560 2109 incolumibus
580 2071 630 2124 per
651 2072 681 2110 se
702 2072 736 2110 ex
747 2056 872 2112 hibernis

83 2139 232 2207 discedere,
258 2147 293 2206 et,
307 2154 496 2208 quascumque
520 2139 549 2191 in
574 2147 669 2208 partes
691 2139 788 2209 velint,
811 2140 872 2194 sine

81 2230 156 2276 metu
168 2221 329 2290 proticisci.''
366 2220 462 2275 Cicero
480 2220 517 2274 ad
541 2221 603 2275 haec
621 2238 708 2274 unum
725 2222 810 2276 modo
831 2239 872 2276 re·

82 2303 212 2371 spondit:
227 2305 320 2357 “Non
330 2318 391 2357 esse
399 2302 627 2358 consuetudinem
636 2304 734 2374 Populi
743 2305 872 2375 Romani,

82 2385 167 2438 ullam
194 2387 322 2454 accipere
347 2387 383 2439 ab
402 2386 482 2440 hoste
494 2395 603 2440 armato
616 2386 824 2440 conditionem:
848 2389 871 2442 si

81 2467 118 2520 ab
141 2467 226 2520 annis
249 2467 393 2522 discedere
417 2468 512 2537 velint,
532 2485 563 2522 se
591 2468 718 2538 adjutore
750 2477 872 2540 utantur,

81 2550 242 2620 legatosque
254 2550 292 2605 ad
311 2552 452 2606 Caesarem
464 2551 577 2605 mittant
591 2568 597 2604 :
616 2566 735 2622 sperare,
748 2568 800 2622 pro
813 2552 871 2621 ejus

80 2633 192 2704 justitia,
205 2650 268 2704 quae
280 2634 416 2704 petierint,
427 2633 645 2704 impetraturos.’'

115 2717 207 2772 XLII.
243 2717 289 2771 Ab
301 2717 355 2774 hac
373 2733 423 2787 spe
441 2716 543 2786 repulsi
564 2716 669 2786 Nervii,
682 2717 756 2773 vallo
769 2718 872 2787 pedum
