1928 3344
171 213 229 264 DE
252 210 386 264 BELLO
412 209 594 275 GALLICO,
612 208 688 264 LIB.
714 209 742 264 V.
836 219 852 273 7

42 349 122 409 ,iore
140 358 237 404 aestate
249 357 424 418 cognoverat.
462 350 526 418 Qua
543 349 573 402 in
584 365 614 403 re
632 348 784 402 admodum
801 346 853 402 fuit

62 432 181 487 militum
192 432 278 486 virtus
289 432 438 500 laudanda,
457 431 504 502 qui
522 431 649 485 vectoriis
668 432 853 500 gravibusque

62 515 188 584 navigiis,
200 532 257 569 non
269 514 425 568 intermisso
434 515 588 583 remigandi
597 514 698 582 labore,
708 514 854 580 longarum

62 598 176 651 navium
200 614 310 652 cursum
333 597 520 666 adaequarunt.
567 596 721 651 Accessum
751 605 793 650 est
816 595 854 648 ad

63 680 237 734 Britanniam
255 680 383 734 omnibus
404 680 521 734 navibus
532 679 685 734 meridiano
694 678 751 733 fere
766 687 853 746 temp·

63 778 127 818 ore:
156 779 247 832 neque
270 763 299 816 in
323 780 356 816 eo
380 759 443 816 loco
463 762 552 817 hostis
573 771 615 817 est
635 762 720 831 visus,
747 761 806 829 sed,
824 771 853 816 ut

63 854 161 915 postea
180 847 274 900 Caesar
292 862 325 900 ex
346 845 462 914 captivis
480 845 622 914 comperit,
641 860 726 914 quum
743 860 854 912 magnae

63 933 162 982 manus
172 928 205 982 eo
218 928 418 996 convenissent,
431 928 606 982 multitudine
617 927 730 981 navium
739 935 853 996 perterr-

63 1011 110 1065 itae
129 1012 202 1080 (quae
218 1027 282 1064 cum
294 1011 433 1065 annotinis
445 1010 621 1079 privatisque,
635 1026 704 1079 quas
725 1009 768 1063 sui
781 1009 853 1077 quis·

64 1108 118 1162 que
132 1094 270 1147 commodi
279 1093 393 1162 fecerat,
405 1094 524 1161 amplius
534 1092 699 1161 octingentis
708 1108 764 1146 uno
775 1101 854 1146 erant

64 1176 131 1230 visae
155 1176 300 1245 tempore),
324 1192 342 1228 a
371 1176 452 1229 litore
481 1175 666 1230 discesserant
697 1191 732 1229 ac
762 1190 792 1228 se
826 1174 854 1227 in
943 1232 949 1245 ι

64 1257 206 1325 superiora
216 1258 278 1311 loca
289 1256 461 1311 abdiderant.

102 1341 151 1393 IX
167 1339 268 1407 Caesar,
279 1338 403 1407 exposito
413 1338 532 1393 exercitu
540 1347 567 1392 et
576 1338 638 1392 loco
646 1338 743 1392 castris
753 1337 853 1392 idoneo

65 1430 156 1492 capto,
169 1421 217 1474 ubi
230 1437 263 1474 ex
273 1420 390 1490 captivis
403 1421 540 1489 cognovit,
553 1436 608 1490 quo
620 1420 650 1473 in
661 1420 723 1474 loco
732 1418 854 1474 hostium

65 1504 154 1574 copiae
178 1504 375 1571 consedissent,
405 1503 563 1558 cohortibus
588 1503 685 1558 decem
714 1503 750 1556 ad
777 1519 854 1556 mare

64 1587 166 1641 relictis
179 1596 206 1640 et
218 1587 356 1656 equitibus
374 1586 512 1655 trecentis,
525 1585 572 1656 qui
590 1586 719 1654 praesidio
738 1587 853 1640 navibus

65 1678 165 1736 essent,
191 1668 226 1722 de
250 1668 331 1722 tertia
354 1668 448 1736 vigilia
472 1668 509 1721 ad
532 1669 626 1721 hostes
645 1669 796 1735 contendit,
821 1667 854 1722 eb

65 1751 157 1804 minus
177 1751 280 1804 veritus
297 1749 423 1816 navibus,
443 1749 517 1819 quod
535 1751 564 1802 in
581 1751 660 1804 litore
677 1750 753 1803 molli
771 1758 855 1817 atque

66 1842 162 1903 aperto
174 1832 309 1900 deligatas
330 1833 366 1886 ad
381 1849 513 1886 ancoram
533 1832 722 1900 relinquebat;
741 1839 769 1885 et
785 1847 855 1900 prae·

67 1915 138 1970 sidio
161 1915 279 1969 navibus
305 1915 440 1983 Quintum
462 1912 571 1967 Atrium
595 1913 725 1984 praesecit
782 1915 855 1982 lpse,

66 2008 150 2053 noctu
162 2014 324 2066 progressus
336 1997 423 2050 miliia
433 2013 566 2066 passuum
579 1996 687 2052 circiter
698 1996 855 2064 duodecim,

67 2081 190 2136 bostium
202 2082 297 2149 copias
307 2081 482 2150 conspicatus
495 2088 544 2134 est¹
577 2080 629 2149 Illi,
641 2080 765 2150 equitatu
772 2089 856 2148 atque

67 2163 173 2218 essedis
202 2163 240 2216 ad
263 2163 365 2216 flumen
387 2162 533 2232 progressi,
563 2179 597 2216 ex
626 2163 687 2216 loco
717 2161 857 2230 superiore

68 2255 177 2300 nostros
190 2246 336 2314 prohibere
348 2255 375 2300 et
384 2245 513 2315 proelium
522 2245 693 2300 committere
704 2251 854 2314 coeperunt.

70 2329 184 2399 Repulsi
194 2330 230 2382 ab
242 2329 373 2398 equitatu,
386 2344 417 2382 se
428 2329 458 2382 in
470 2329 554 2382 silvas
572 2328 746 2397 abdiderunt,
765 2328 857 2381 locum

69 2413 152 2482 nacti,
174 2412 283 2482 egregie
299 2421 327 2467 et
347 2418 446 2465 natura
464 2421 492 2466 et
510 2428 592 2481 opere
610 2411 757 2477 munitum,
774 2423 857 2477 quem

71 2495 214 2551 domestici
219 2495 292 2565 belli,
301 2504 332 2550 ut
340 2495 492 2563 videbatur,
500 2501 585 2549 causa
592 2495 653 2564 Jam
664 2500 730 2546 ante
737 2507 857 2561 praepar-

70 2586 200 2632 averant:
232 2594 299 2630 nam
323 2576 426 2630 crebris
450 2576 593 2629 arboribus
619 2574 732 2628 succisis
760 2589 857 2627 omnes

70 2660 197 2714 introitus
208 2667 287 2715 erant
298 2658 432 2728 praeclusi.
454 2658 511 2727 Ipsi
520 2673 553 2711 ex
567 2657 642 2711 silvis
654 2657 709 2710 rari
719 2672 858 2726 propugn-

71 2744 165 2811 abant,
189 2752 352 2812 nostrosque
381 2741 454 2795 intra
474 2739 641 2795 munitiones
663 2739 770 2810 ingredi
797 2754 858 2806 pro·
