1928 3344
98 238 134 295 u
310 226 339 283 c
358 224 475 300 yrun
496 224 683 286 cernuis

98 365 219 420 maxime
236 369 393 423 concursari
406 378 434 424 et
446 385 510 423 curn
528 371 704 425 simulatione
721 370 830 426 tumoris
844 374 894 442 agi

133 533 179 588 Ll.
199 533 306 603 Quibus
323 535 452 589 omnibus
467 536 550 590 rebus
566 537 661 591 hostes
673 537 781 592 invitati
793 538 892 607 copias

96 615 287 687 transducunt,
311 617 456 688 aciemque
485 619 581 689 iniquo
610 620 672 674 loco
699 620 892 687 constituunt3

96 701 199 756 nostris
219 699 285 755 verb
306 700 392 755 etiam
409 701 446 755 de
462 702 535 755 vallo
553 702 689 770 deductis,
710 701 824 772 propius
842 719 890 758 ac-

96 783 306 851 cedunt,ettela
315 783 388 838 intra
396 783 890 854 munitionemexomnibuspartibus

95 864 245 933 conjiciunt
251 883 259 930 ς
271 865 501 935 praeconibusque
510 867 707 921 circummissis
716 868 890 937 pronuntiari

96 946 200 1016 iubent,
217 949 234 978 ‘⁴
243 963 291 1001 seu
310 948 373 1017 quis
392 948 489 1003 Gallus
508 965 557 1003 seu
576 951 719 1004 Romanus
736 950 803 1004 velit
821 959 890 1005 ante

94 1028 193 1083 boram
211 1029 321 1084 tertiam
334 1029 371 1083 ad
386 1046 417 1084 se
431 1031 556 1100 transire,
571 1031 632 1086 sine
646 1032 768 1100 periculo
785 1031 886 1098 licere3

94 1120 158 1182 post
167 1110 196 1166 id
205 1121 314 1182 tempus
327 1129 383 1165 non
395 1112 454 1167 sore
466 1123 631 1182 potestatem
642 1115 669 1179 ;’'
680 1131 714 1168 ac
723 1115 764 1168 sic
776 1123 887 1169 nostros

95 1202 326 1264 contempserunt,
340 1204 369 1249 ut
386 1196 535 1250 obstructis
552 1196 581 1249 in
598 1196 718 1265 speciem
731 1197 817 1265 portis
829 1197 888 1250 sin·

94 1276 165 1345 gulis
180 1277 323 1331 ordinibus
342 1277 582 1347 caespitum„un
594 1284 629 1332 ea
640 1295 696 1332 non
706 1295 789 1347 posse
801 1279 887 1333 iutro·

94 1374 221 1426 rumpere
233 1358 406 1427 videbantur,
419 1360 465 1413 alii
479 1361 581 1413 vallum
593 1377 678 1414 manu
691 1361 825 1429 scindere,
838 1361 886 1415 alii

93 1438 183 1493 {ossas
200 1440 338 1509 complere
356 1440 517 1509 inciperent.
553 1444 627 1496 Tum
641 1443 743 1511 Caesar,
756 1443 886 1498 omnibus

93 1522 180 1591 portis
198 1520 340 1590 eruptione
355 1520 429 1575 facta
443 1523 620 1593 equitatuque
638 1524 748 1592 emisso,
760 1525 887 1581 celeriter

93 1604 187 1659 hostes
211 1603 259 1657 dat
284 1602 312 1656 in
337 1602 440 1672 fugam,
466 1604 514 1672 sic,
540 1605 579 1659 uti
604 1607 717 1660 omnino
740 1609 886 1676 pugnandi
922 1609 924 1615 ’

92 1691 178 1742 causa
190 1686 326 1741 resisteret
340 1702 438 1752 nemo;
451 1703 638 1758 magnumque
648 1705 680 1744 ex
689 1689 729 1744 eis
738 1707 886 1745 numerum

92 1768 203 1839 occidit,
215 1777 298 1839 atque
311 1785 407 1824 omnes
420 1769 505 1823 armis
517 1770 597 1824 exuit

129 1853 191 1906 Lll.
212 1850 332 1920 longius
354 1852 483 1921 prosequi
502 1852 613 1922 veritus,
632 1853 706 1923 qubd
728 1853 805 1908 silvae
823 1855 885 1924 pai·

91 1934 214 2003 udesque
238 1934 454 2002 intercedebant,
475 1951 565 2004 neque
588 1936 673 1990 etiam
696 1937 811 2005 parvulo
834 1937 884 1992 de-

91 2016 222 2073 trimento
241 2015 349 2069 illorum
370 2016 461 2070 locum
480 2017 597 2087 relinqui
616 2018 735 2086 videbat,
752 2018 884 2074 omnibus

91 2097 148 2153 suis
169 2097 353 2151 incolumibus
373 2098 459 2167 copiis
479 2099 578 2152 eodem
598 2100 643 2155 die
661 2100 697 2153 ad
718 2099 884 2155 Ciceronem

91 2179 222 2250 peruenit.
261 2179 404 2234 Institutas
428 2189 524 2249 turres,
549 2182 708 2250 testudines,
732 2181 882 2236 munition-

90 2279 176 2333 esque
199 2263 320 2319 hostium
346 2262 516 2320 admiratur:
545 2266 679 2334 producta
703 2265 811 2334 legione
833 2283 882 2322 co·

89 2346 207 2418 gnoscit,
237 2364 292 2402 non
325 2345 463 2405 decimum
496 2363 634 2418 quemque
663 2364 726 2403 esse
753 2348 882 2404 relictum

89 2428 205 2485 militem
233 2429 292 2484 sine
318 2430 439 2484 vulnere.
487 2431 530 2482 Ex
557 2429 600 2483 his
618 2431 746 2484 omnibus
773 2430 881 2500 judicat

89 2512 180 2580 rebus,
192 2522 296 2582 quanto
315 2527 379 2566 cum
398 2511 521 2580 periculo
534 2519 560 2564 et
573 2519 678 2580 quanta
697 2530 760 2567 cum
779 2513 881 2570 virtute

89 2608 134 2647 res
146 2592 200 2646 sint
214 2592 435 2647 administratae:
453 2590 617 2646 Ciceronem
635 2609 685 2662 pro
704 2595 762 2666 ejus
780 2595 880 2650 merito

89 2673 280 2745 legionemque
289 2675 427 2730 collaudat
438 2691 443 2728 :
455 2672 628 2730 centuriones
641 2676 800 2746 singiliatim
813 2678 879 2732 trib·

89 2771 213 2827 tutosque
230 2756 348 2812 militum
367 2756 497 2827 appellat,
509 2770 625 2826 quorum
642 2760 781 2829 egregiam
793 2759 887 2816 luisse

84 2928 164 3144 l

192 3210 415 3240 ῌ--Ν
