1928 3344
190 245 250 297 DE
272 242 405 298 BELLO
431 241 612 311 GALLJCO,
630 241 706 297 LIB.
731 243 758 296 V.
836 255 848 296 1
853 255 867 312 ς

117 383 211 436 XXII.
232 383 309 435 Dum
321 382 383 435 haec
394 381 424 434 in
435 381 479 435 his
491 381 559 435 locis
577 391 715 449 geruntur,
733 381 868 437 Cassivel-

81 480 169 517 aunus
178 463 215 517 ad
225 463 364 528 Cantium,
372 462 447 532 quod
455 479 517 516 esse
530 462 567 516 ad
573 478 651 517 mare
662 463 746 533 supra
754 465 869 519 demon·

82 545 237 614 stravimus,
243 546 342 614 quibus
350 545 508 614 regionibus
515 554 633 614 quatuor
638 561 717 614 reges
725 555 869 616 praeerant,

82 626 249 696 Cingetorix,
264 628 406 696 Carvilius,
418 627 624 696 Taximagulus,
644 629 780 697 Segouax,
798 645 867 683 nun·

81 708 136 764 tios
148 709 240 777 mittit,
252 718 335 779 atque
346 710 390 763 his
408 709 533 778 imperat,
551 709 600 779 uti,
618 710 723 764 coactis
742 710 870 765 omnibus

81 790 178 859 copiis,
191 799 282 846 castra
293 792 405 845 navalia
416 791 452 844 de
460 790 609 859 improviso
616 791 777 846 adoriantur
787 802 871 863 atque

82 882 248 943 oppugnent
286 874 311 927 li
330 890 415 944 quum
433 873 471 926 ad
492 882 583 927 castra
606 873 754 944 venissent,
775 874 870 944 nostri,

81 957 224 1024 eruptione
248 955 331 1025 lacta,
360 955 454 1010 multis
481 971 576 1010 eorum
605 956 762 1024 interfectis,
788 966 870 1027 capto

81 1038 167 1092 etiam
185 1039 272 1093 nobili
294 1039 365 1093 duce
383 1037 558 1107 Lugotorige,
574 1054 638 1092 suos
658 1039 811 1093 incolumes
829 1055 871 1094 re·

82 1120 224 1175 duxenmt
262 1120 484 1189 Cassivelaunus,
500 1121 555 1174 hoc
570 1120 668 1189 proelio
684 1122 818 1190 nuntiato,
830 1129 872 1177 tot

82 1201 254 1257 detrimentis
267 1202 398 1270 acceptis,
409 1201 525 1256 vastatis
535 1201 644 1270 finibus,
656 1202 776 1257 maxime
787 1204 872 1258 etiam

82 1293 224 1354 permotus
245 1284 399 1338 defectione
422 1283 572 1352 civitatum,
591 1284 699 1352 legatos
721 1301 771 1354 per
793 1285 872 1340 Atre·

81 1369 177 1422 batem
189 1365 348 1420 Commium
366 1365 401 1420 de
414 1365 554 1419 deditione
566 1364 603 1418 ad
622 1366 763 1421 Caesarem
780 1367 871 1422 mittit.

84 1450 278 1518 Caesar,quum
284 1448 426 1503 statuisset
435 1448 556 1502 hiemem
563 1447 593 1501 in
600 1448 752 1505 continenti
760 1458 873 1520 propter

82 1531 240 1600 repentinos
246 1530 345 1585 Galliae
354 1535 445 1584 motus
453 1546 542 1598 agere,
552 1531 871 1600 nequemulturnaestatis

84 1622 249 1684 superesset,
262 1621 346 1682 atque
357 1613 387 1666 id
398 1613 479 1667 facile
491 1613 597 1666 extrahi
606 1629 689 1682 posse
701 1614 872 1684 intelligeret,

83 1696 195 1751 obsides
214 1696 341 1764 imperat,
359 1703 395 1761 et,
412 1693 479 1762 quid
496 1694 526 1747 in
543 1710 632 1748 annos
650 1694 773 1764 singulos
788 1696 872 1750 vecti·

83 1779 153 1848 galis
167 1778 273 1845 Populo
281 1778 409 1830 Romano
417 1776 559 1829 Britannia
570 1776 711 1846 penderet,
720 1777 874 1835 constituit:

82 1859 222 1915 interdicit
239 1868 322 1927 atque
338 1858 456 1926 imperat
474 1857 680 1928 Cassivelauno,
698 1875 736 1914 ne
753 1860 872 1917 Mandu-

82 1944 182 2011 bratio,
194 1959 248 1996 neu
261 1940 478 1994 Trinobantibus
490 1941 594 1994 bellurn
605 1940 697 1997 faciat.

118 2027 230 2079 XXIII.
251 2023 403 2078 Obsidibus
415 2024 545 2092 acceptis,
557 2025 707 2080 exercitum
718 2025 825 2082 reducit
836 2027 873 2081 ad

82 2124 168 2176 mare,
177 2123 263 2161 naves
274 2105 379 2159 invenit
390 2105 514 2161 refectas.
545 2105 599 2160 His
611 2107 746 2178 deductis,
757 2109 833 2179 quod
846 2119 873 2164 et

83 2191 256 2260 captivorum
263 2205 397 2257 magnum
406 2205 551 2243 numerum
559 2190 689 2258 habebat,
698 2200 726 2245 et
733 2192 873 2246 nonnulla

83 2282 249 2342 tempestate
260 2271 434 2340 deperierant
445 2288 539 2339 naves,
552 2272 660 2325 duobus
673 2274 873 2329 commeatibus

84 2355 232 2410 exercitum
244 2362 385 2422 reportare
396 2353 522 2407 instituit
557 2354 600 2407 Ac
613 2353 653 2408 sic
665 2355 775 2421 accidit,
788 2355 827 2408 uti
840 2370 874 2408 ex

84 2446 162 2493 tanto
184 2436 298 2491 navium
318 2452 442 2503 numero,
465 2444 506 2490 tot
529 2436 764 2508 navigationibus,
784 2443 874 2506 neque

83 2521 145 2587 hoc,
164 2534 255 2589 neque
267 2519 407 2588 superiore
418 2534 501 2587 anno,
513 2518 570 2571 ulla
582 2518 696 2571 omnino
708 2518 794 2586 navis,
811 2535 874 2589 quae

83 2603 185 2657 milites
196 2610 326 2671 portaret,
340 2600 556 2655 desideraretur:
566 2608 595 2654 at
606 2615 640 2654 ex
653 2599 695 2669 iis,
706 2617 770 2671 quae
776 2600 873 2658 inanes

84 2701 118 2740 ex
130 2683 281 2740 continenti
293 2683 331 2738 ad
340 2700 404 2738 eum
414 2683 626 2751 remitterentur,
643 2692 670 2738 et
687 2683 787 2753 prioris
798 2702 873 2740 com·

85 2773 192 2823 meatus
202 2766 334 2838 expositis
346 2765 489 2836 militibus,
502 2773 529 2821 et
541 2781 612 2837 quas
624 2775 730 2836 postea
736 2767 892 2817 tamenne
