1928 3344
125 244 140 293 ⁴
337 226 362 280 c
384 225 502 295 Jvm
521 226 707 280 cAEsAms

124 365 300 435 comparatis,
331 365 550 419 Indutiomarum
579 367 617 419 ad
647 381 678 420 se
701 383 765 419 curn
789 365 915 421 ducentis

124 448 268 503 obsidibus
299 447 394 502 venire
421 447 512 517 jussit.
567 448 621 501 His
651 448 788 516 adductis,
820 448 850 501 in
878 448 915 503 iis

124 531 181 584 filio
197 529 413 600 propinquisque
430 529 489 597 ejus
506 529 644 598 omnibus,
663 546 732 599 quos
749 530 915 585 nominatim

124 622 294 682 evocaverat,
315 612 473 667 consolatus
492 612 712 666 Indutiomarum
734 613 915 684 hortatusque

123 706 174 765 est,
192 696 232 750 uti
243 696 273 748 in
285 694 377 748 officio
388 703 582 764 permaneret:
598 695 684 748 nihilo
704 706 797 750 tamen
815 696 913 766 secius,

122 778 292 848 principrbus
301 777 913 848 Trevirorumadseconvocatis,hossingill-

123 860 192 914 atim
222 858 392 928 Cingetorigi
418 858 591 914 conciliavit:
615 860 690 930 quud
711 877 797 931 quum
814 861 913 916 merito

122 943 182 1012 ejus
199 943 237 995 ab
257 958 289 995 se
307 941 366 994 fieri
387 941 565 1011 intelligebat,
586 951 644 996 tum
666 943 759 1012 magni
780 943 913 1000 interesse

122 1024 315 1093 arbitrabatur,
336 1024 396 1094 ejus
419 1025 612 1080 auctoritatem
632 1027 704 1081 inter
732 1042 797 1081 suos
825 1041 912 1095 quam

121 1106 270 1176 plurimum
281 1106 381 1176 valere,
400 1106 477 1177 cujus
495 1116 554 1161 tam
571 1108 711 1177 egregiam
727 1108 757 1162 in
775 1125 805 1163 se
816 1109 912 1165 volun·

121 1196 208 1244 tatem
228 1187 419 1259 perspexisset
469 1190 504 1243 ld
520 1189 626 1244 sactum
648 1190 769 1259 graviter
785 1191 847 1246 tulit
865 1194 911 1246 ln·

121 1271 301 1341 dutiomarus,
313 1287 394 1326 suam
405 1272 523 1340 gratiam
534 1271 606 1328 inter
617 1289 683 1327 suos
694 1273 797 1339 minui;
809 1283 846 1344 et,
863 1274 911 1345 qui

119 1354 178 1423 jam
187 1364 253 1409 ante
264 1354 378 1408 inimico
389 1354 419 1407 in
431 1371 483 1408 nos
491 1355 586 1409 animo
592 1355 698 1426 suisset,
704 1356 792 1410 multo
800 1355 911 1425 gravibs

121 1435 175 1488 hoc
184 1434 279 1488 dolore
291 1435 400 1489 exarsit.

155 1518 189 1571 V.
209 1516 263 1570 His
275 1518 357 1570 rebus
370 1516 535 1586 constitutis,
548 1517 643 1572 Caesar
654 1520 691 1573 ad
702 1529 813 1590 portum
826 1520 911 1575 Itium

120 1597 488 1668 cumlegionibuspervenit.
519 1599 720 1670 Ibicognoscit,
728 1601 911 1673 quadraginta

119 1697 214 1751 naves,
232 1696 295 1751 quae
312 1679 342 1733 in
360 1680 462 1734 Meldis
479 1681 562 1736 sactae
582 1692 669 1752 erant,
686 1694 852 1754 tempestate
868 1702 910 1739 re·

117 1765 213 1835 jectas,
234 1780 344 1818 cursum
367 1772 461 1819 tenere
478 1781 535 1818 non
552 1765 683 1835 potuisse,
701 1776 785 1837 atque
801 1766 910 1837 eodem,

119 1848 193 1903 unde
204 1855 283 1902 erant
295 1846 433 1917 prosectae,
446 1847 606 1903 revertisse:
616 1848 736 1919 reliquas
748 1858 860 1919 paratas
871 1851 909 1905 ad

119 1930 308 1999 navigandum
316 1939 400 1998 atque
409 1929 538 1983 omnibus
547 1931 629 1984 rebus
636 1930 784 1986 instructas
796 1932 908 1987 invenit.

118 2012 228 2066 Ebdem
251 2010 335 2065 totius
358 2011 457 2065 Galliae
474 2012 611 2081 equitatus
635 2015 773 2083 convenit,
793 2031 909 2069 numero

117 2093 235 2147 millium
247 2101 370 2163 quatuor,
384 2092 576 2164 principesque
594 2095 723 2150 omnibus
740 2112 775 2150 ex
792 2096 908 2151 civitati-

117 2179 186 2231 bus:
209 2191 244 2230 ex
264 2175 364 2246 quibus
390 2193 552 2247 perpaucos,
576 2194 693 2248 quorum
716 2178 745 2231 in
769 2195 800 2233 se
823 2178 908 2233 fidem

117 2267 301 2329 perspexerat,
313 2258 467 2327 relinquere
478 2258 508 2312 in
521 2260 620 2329 Gallia,
639 2259 759 2330 reliquos
777 2260 908 2315 obsidum

117 2342 179 2396 loco
198 2356 293 2395 secum
312 2340 421 2409 ducere,
442 2341 609 2407 decreverat:
630 2341 712 2412 quod,
737 2359 824 2413 quum
846 2342 907 2414 lpse

117 2427 235 2495 abesset,
248 2433 356 2478 motum
369 2423 469 2478 Galliae
480 2424 633 2478 verebatur.

150 2511 200 2564 Vl.
221 2511 290 2564 Erat
301 2507 358 2563 una
376 2524 440 2564 cum
452 2505 551 2561 ceteris
565 2506 721 2559 Dumnorix
732 2507 851 2575 AEduus,
870 2508 906 2563 de

114 2608 169 2662 quo
181 2593 218 2646 ab
229 2593 311 2646 nobis
323 2601 406 2646 antea
414 2590 577 2644 dictumest
607 2588 691 2642 Hunc
699 2592 906 2646 secumhabere

114 2675 143 2730 in
167 2672 263 2744 primis
281 2675 468 2742 constituerat,
489 2669 565 2743 quod
583 2686 647 2724 eum
665 2672 796 2742 cupidum
813 2689 904 2728 retum

114 2772 256 2826 novarum,
280 2755 412 2826 cupidum
429 2753 546 2825 imperii,
563 2753 658 2822 magni
675 2754 771 2826 anim&
793 2769 905 2826 ΜΕ
