1928 3344
197 213 257 270 na
279 182 426 270 aaran
439 215 620 284 carrica,
638 214 714 270 Lm
737 214 765 270 ν.
857 174 892 281 ς’

85 355 167 410 rebus
191 353 300 409 circiter
318 355 378 410 dies
396 356 494 410 decem
512 354 657 423 consumit,
677 371 713 408 ne
732 353 874 408 nocturnis

84 436 197 508 quidem
208 437 378 506 temporibus
390 439 427 492 ad
438 438 562 493 laborem
573 437 691 491 militum
703 435 873 491 intermissis.

85 518 235 574 Subductis
247 520 364 574 navibus
376 521 529 590 castrisque
546 518 655 589 egregie
672 517 796 586 munitis,
814 534 875 572 eas-

84 600 149 656 dem
167 601 270 671 copias,
290 617 359 671 quas
377 602 450 669 ante,
468 601 598 672 praesidio
615 599 733 654 navibus
750 600 875 669 reliquit:

26 720 31 728 ·
83 684 145 754 ipse
155 683 263 753 eodem,
275 684 349 739 unde
360 685 487 753 redierat,
506 683 694 754 proficiscitur.
733 682 777 736 Εὸ
790 699 875 752 quum

83 769 214 838 venisset,
225 772 345 841 majores
353 772 414 841 jam
425 771 548 842 undique
559 771 589 825 in
601 787 665 825 eum
676 770 769 825 locum
788 769 874 839 copiae

85 850 282 906 Britannorum
294 861 487 921 convenerant,
500 857 611 906 summa
628 850 736 921 imperii
754 851 874 920 bellique

83 931 296 988 administrandi
309 935 448 989 communi
461 934 577 988 consilio
589 933 726 1003 permissa
739 933 874 988 Cassivel-

84 1031 165 1084 auno‚
187 1017 265 1087 cujus
288 1015 359 1072 fines
383 1033 401 1070 a
422 1016 568 1072 maritimis
589 1015 748 1070 civitatibus
772 1016 874 1069 flumen

84 1097 191 1167 dividit,
204 1100 279 1169 quod
300 1100 454 1168 appellatur
471 1098 608 1166 Tamesis,
625 1115 644 1151 a
668 1097 739 1151 mari
767 1097 875 1152 circiter

82 1179 170 1232 millia
180 1196 314 1249 passuum
327 1180 474 1248 octoginta.
512 1179 588 1233 Huic
600 1179 739 1247 superiore
751 1187 875 1248 ternpore

81 1276 149 1314 cum
163 1261 275 1330 reliquis
293 1260 450 1315 civitatibus
468 1259 638 1314 continentia
654 1259 729 1314 bella
744 1259 874 1314 interces-

82 1351 196 1398 serant:
217 1342 268 1396 sed
285 1351 381 1396 nostro
392 1343 514 1396 adventu
526 1341 644 1412 permoti
658 1341 785 1395 Britanni
799 1342 874 1396 hunc

82 1425 133 1479 toti
145 1425 218 1480 bello
230 1425 400 1496 imperioque
411 1425 598 1495 praefecerant

117 1508 184 1562 XII.
205 1508 356 1563 Britanniae
368 1524 432 1577 pars
444 1507 557 1562 interior
568 1508 604 1561 ab
617 1507 651 1561 iis
659 1506 794 1576 incolitur,
803 1523 872 1576 quos

82 1597 163 1642 natos
187 1589 216 1642 in
239 1590 331 1643 insula
353 1589 416 1658 ipsa
438 1589 573 1642 memoria
595 1589 735 1658 proditum
763 1589 873 1642 dicunt:

82 1671 223 1725 maritima
238 1687 304 1740 pars
317 1672 354 1725 ab
367 1672 410 1741 iis,
429 1672 476 1740 qui
488 1671 592 1741 praedae
603 1687 637 1726 ac
655 1671 720 1725 belli
737 1670 873 1725 inserendi

82 1759 170 1807 causa
192 1769 226 1806 ex
250 1753 343 1821 Belgis
367 1753 548 1818 transierant3
572 1753 620 1821 qui
641 1768 737 1806 omnes
758 1753 815 1806 fere
838 1752 872 1806 iis

82 1835 241 1889 nominibus
266 1834 408 1888 civitatum
431 1834 612 1904 appellantur,
637 1834 736 1904 quibus
764 1833 816 1888 orti
840 1851 873 1888 ex

82 1918 240 1973 civitatibus
251 1916 285 1972 eb
297 1925 487 1986 pervenerunt,
500 1925 528 1972 et
539 1917 612 1971 bello
621 1917 697 1971 illato
709 1916 748 1971 ibi
765 1933 872 1972 reman-

82 2008 177 2054 serunt
188 2008 271 2070 atque
284 2016 366 2070 agros
376 1999 466 2054 colere
478 2008 628 2067 coeperunt
666 2000 821 2055 Hominum
830 2010 872 2056 est

82 2081 190 2136 infinita
201 2082 356 2152 multitudo,
369 2082 588 2152 creberrimaque
599 2082 725 2151 aedificia,
734 2083 870 2138 sereGall-

82 2163 133 2220 icis
141 2164 306 2219 consimilia:
316 2181 717 2235 pecommmagnusnumerus.
750 2167 872 2221 Utuntur

82 2255 130 2301 aut
137 2264 200 2316 aere,
209 2256 258 2302 aut
269 2248 349 2303 taleis
362 2248 464 2316 ferreis,
472 2248 509 2301 ad
518 2257 624 2303 certum
631 2248 741 2318 pondus
751 2249 871 2302 examin-

83 2329 144 2398 atis,
157 2346 206 2399 pro
218 2346 340 2383 nummo.
378 2330 511 2385 Nascitur
521 2330 560 2384 ibi
576 2331 723 2400 plumbum
736 2330 831 2384 album
843 2330 871 2382 in

82 2411 290 2466 mediterraneis
302 2411 467 2481 regionibus,
480 2412 510 2465 in
521 2413 666 2467 maritimis
684 2412 801 2476 serrum;
823 2411 872 2465 sed

82 2490 143 2561 ejus
171 2493 270 2562 exigua
298 2503 341 2548 est
370 2493 466 2564 copia:
495 2510 551 2548 aere
578 2502 692 2548 utuntur
716 2492 871 2561 importato.

84 2574 204 2628 Materia
219 2577 350 2646 cujusque
367 2575 484 2644 generis,
501 2575 578 2629 utin
597 2575 696 2643 Gallia,
714 2583 757 2629 est
774 2585 872 2646 praetet

82 2656 178 2726 fagum
201 2665 285 2726 atque
305 2658 432 2712 abietem
471 2659 614 2727 Leporem,
633 2665 661 2711 et
680 2657 820 2728 gallinam,
844 2668 873 2714 et

21 2753 23 2757 ’
84 2754 210 2794 anserem
221 2747 332 2808 gustare
343 2738 386 2794 fas
398 2755 455 2793 non
472 2747 571 2809 putant
578 2757 586 2804 ;
606 2738 668 2794 haec
685 2748 784 2794 tamen
796 2741 881 2792 alunt
