1928 3344
198 225 257 278 DE
280 227 414 281 BELLO
438 225 618 294 GALLICO,
636 227 712 281 LIB.
737 226 764 281 V.
842 241 870 280 11

85 381 116 418 se
138 364 263 419 Britanni
281 366 352 419 vitro
370 366 503 435 inficiunt,
522 366 596 435 quod
618 366 765 420 caeruieum
789 365 874 419 efficit

84 447 213 516 colorem,
223 456 306 517 atque
314 448 368 502 hoc
378 448 528 502 horridiore
536 456 599 502 sunt
612 447 640 500 in
648 453 741 516 pugna
748 455 873 516 aspectu:

84 529 237 599 capilloque
249 539 313 584 sunt
324 531 468 600 promisso,
480 539 562 599 atque
575 530 649 583 onmi
662 539 740 598 parte
752 530 873 598 corporis

83 617 147 664 rasa
169 620 270 681 praeter
294 622 376 681 caput
403 624 431 666 et
454 613 562 666 labrum
586 612 718 680 superius.
765 613 873 667 Uxores
917 674 919 678 ,

83 693 188 747 habent
211 694 276 747 deni
303 695 477 764 duodenique
506 695 578 749 inter
601 711 632 748 se
655 709 823 762 communes,
846 702 874 748 et

83 774 203 830 maxime
225 776 323 831 fratres
353 777 570 832 cumfratribus
595 785 779 846 parentesque
809 794 873 832 cum

83 859 192 924 liberis;
207 860 264 928 sed,
282 861 353 930 siqui
373 869 437 915 sunt
449 877 483 915 ex
496 861 540 913 his
552 859 618 928 nati,
631 876 726 914 eorum
737 860 873 915 habentur

82 940 170 1011 liberi,
183 958 237 1012 quo
246 943 366 1011 primbm
374 943 451 1011 virgo
464 959 580 1013 quaeque
592 943 711 997 deducta
723 952 772 998 est

118 1027 179 1080 XV.
200 1027 315 1096 Equites
332 1027 454 1082 hostium
466 1027 652 1098 essedariique
665 1027 764 1082 acriter
774 1028 872 1098 proelio

83 1125 147 1163 cum
157 1109 280 1178 equitatu
292 1119 386 1164 nostro
399 1110 428 1163 in
435 1110 532 1165 itinere
541 1110 728 1178 conflixerunt,
737 1119 831 1165 tamen
842 1122 873 1165 ut

83 1191 171 1244 nostri
191 1190 320 1244 omnibus
340 1191 465 1259 partibus
487 1192 640 1258 superiores
660 1190 767 1259 fuerint,
789 1200 873 1260 atque

84 1289 132 1326 eos
144 1272 173 1325 in
186 1272 269 1325 silvas
283 1273 420 1340 collesque
433 1272 631 1341 compulerint:
649 1273 708 1341 sed,
726 1273 872 1341 compluri-

83 1355 135 1408 bus
154 1353 449 1424 interiectis,cupidii1s
461 1354 599 1423 insequuti
610 1355 757 1411 nonnullos
769 1371 803 1410 ex
816 1355 872 1410 suis

83 1437 242 1491 amiserunt.
267 1437 362 1504 Atilii,
375 1436 532 1492 intemnisso
541 1437 639 1507 spatio,
652 1438 872 1507 imprudentibus

83 1520 185 1573 nostris
203 1528 286 1588 atque
316 1519 457 1588 occupatis
481 1519 510 1573 in
534 1521 686 1575 munitione
710 1530 871 1591 castrorum,

83 1601 173 1656 subitb
187 1618 216 1655 se
228 1619 262 1655 ex
274 1602 350 1656 silvis
362 1603 508 1672 ejecerunt,
520 1604 679 1673 impetuque
687 1605 717 1657 in
729 1621 777 1658 eos
789 1605 871 1670 facto,

82 1685 129 1754 qui
150 1692 229 1737 erant
249 1684 278 1735 in
298 1683 416 1736 statione
437 1700 487 1751 pro
506 1684 604 1738 castris
626 1686 760 1754 collocati,
773 1685 872 1739 acriter

82 1772 292 1835 pugnaverunt:
313 1765 475 1833 duabusque
498 1766 643 1820 submissis
672 1767 830 1821 cohortibus
854 1785 871 1820 a

83 1847 202 1914 Caesare,
219 1855 301 1915 atque
311 1846 354 1899 his
372 1846 468 1915 primis
485 1846 625 1915 legionum
643 1848 768 1917 duarum,
786 1865 871 1918 quum

81 1932 133 1999 hae‚
146 1929 294 2000 perexiguo
312 1929 468 1983 intermisso
485 1930 540 1984 loci
558 1931 649 2000 spatio
666 1930 738 1986 inter
755 1947 794 2000 se,
806 1948 871 1985 con-

81 2013 224 2080 stitissent,
236 2028 308 2066 novo
320 2027 420 2080 genere
431 2028 532 2081 pugnae
539 2013 688 2082 perterritis
701 2013 811 2082 nostris,
822 2031 871 2084 per

21 2116 22 2120 ¹
82 2096 189 2150 medios
214 2095 398 2149 audacissime
420 2105 607 2164 perruperunt,
632 2113 718 2165 seque
741 2097 807 2151 inde
830 2098 870 2149 in·

82 2179 204 2232 columes
233 2186 401 2247 receperunt
451 2179 494 2231 Eo
518 2178 564 2232 die
594 2179 713 2247 Quintus
739 2179 871 2234 Laberius

83 2263 186 2328 Durus,
198 2260 323 2314 tribunus
335 2259 462 2329 militum,
474 2260 642 2317 interficitur.
681 2262 733 2331 Illi,
746 2262 869 2330 pluribus

82 2343 214 2397 immissis
228 2343 394 2411 cohortibus,
406 2343 580 2411 repelluntur.
626 2355 633 2371 ’
832 2400 833 2404 ,

117 2427 194 2480 XVI.
204 2428 277 2479 Toto
286 2425 340 2479 hoc
352 2425 381 2478 in
393 2440 492 2493 genere
501 2441 611 2494 pugnae,
622 2440 708 2494 quum
720 2425 772 2477 sub
785 2424 870 2478 oculis

82 2508 206 2563 omnium
218 2525 251 2562 ac
264 2524 315 2577 pro
327 2508 425 2562 castris
437 2507 622 2575 dimicaretur,
634 2507 804 2561 intellectum
820 2516 871 2576 est,

82 2599 191 2643 nostros
202 2599 315 2659 propter
331 2589 495 2657 gravitatem
507 2587 765 2658 annaturae-qubd
782 2605 871 2658 neque

81 2672 189 2742 insequi
202 2673 331 2727 cedentes
342 2681 464 2741 possent,
476 2687 566 2740 neque
577 2672 614 2725 ab
631 2671 716 2741 signis
729 2672 871 2727 discedere

82 2753 883 2825 auderent-minisaptosesseadhujusgenerishostem„
