1928 3344
91 219 126 284 ³⁶
301 217 332 272 c.
351 216 466 288 Jvm
489 217 670 272 cAEsAms

92 354 278 411 sollicitudine
300 358 420 411 czaris
440 358 604 425 intercessit,
616 358 683 428 quin
705 355 828 424 aliquem
846 353 885 408 de

90 437 215 490 conciliis
228 454 262 492 ac
273 449 352 492 motu
371 440 514 493 Gallorum
526 441 654 493 nuntium
666 437 811 506 acciperet
847 437 883 488 In

90 520 135 573 his
147 520 183 573 ab
199 520 285 575 Lucio
305 523 408 577 Roscio
425 523 527 591 legato,
545 540 629 593 quem
647 520 749 590 legioni
766 517 884 572 decimae

89 603 732 674 tertiaepraefecemtcertiorestfactus,magnas
740 602 883 656 Gallorum

90 688 186 756 copias
198 703 295 741 earum
303 688 455 757 civitatum,
466 706 530 760 quae
540 688 692 742 Armoricae
700 685 881 755 appellantur,

90 771 271 839 oppugnandi
291 771 334 824 sui
356 778 442 825 causa
459 772 641 826 convenisse:
665 785 756 838 neque
773 765 882 836 longiius

89 853 178 904 millia
188 868 323 921 passuum
334 864 398 908 octo
409 855 447 909 ab
464 855 588 909 hibernis
605 853 663 908 suis
682 851 813 919 abfuisse,
832 848 883 904 sed

90 935 187 988 nuntio
199 936 285 989 allato
303 935 339 990 de
356 936 473 991 victoria
488 938 616 1005 Caesaris,
628 935 800 1003 discessisse,
811 932 883 988 adeo

91 1025 121 1071 nt
132 1016 206 1085 iirgae
218 1018 317 1072 similis
330 1019 471 1074 discessus
483 1020 628 1074 videretur.

127 1100 201 1152 LIV.
219 1101 259 1154 At
272 1101 375 1169 Caesar,
388 1102 558 1172 principibus
570 1103 702 1170 cujusque
715 1097 834 1154 civitatis
846 1095 884 1150 ad

90 1197 121 1236 se
142 1184 274 1253 evocatis,
292 1184 361 1238 alias
380 1185 652 1254 territando-quum
670 1200 702 1238 se
722 1183 801 1249 scire,
820 1197 884 1250 quae

90 1264 195 1335 fierent,
216 1267 512 1322 denuntiaret-alias
541 1266 723 1334 cohortando,
751 1279 885 1332 magnam

90 1358 199 1415 partem
218 1350 317 1403 Galliae
335 1350 365 1403 in
385 1349 477 1403 officio
494 1350 590 1405 tenuit.
626 1351 735 1402 Tamen
750 1348 884 1412 Senones,

90 1444 154 1497 quae
166 1438 209 1482 est
217 1431 314 1483 civitas
323 1431 352 1484 in
360 1431 457 1499 primis
466 1431 699 1498 firmaetmagnae
706 1431 778 1483 inter
788 1427 885 1482 Gallos

91 1511 271 1579 auctoritatis,
303 1512 479 1581 Cavarinum,
510 1529 593 1583 quem
619 1514 715 1567 Caesar
737 1511 812 1580 apud
834 1526 885 1564 eos

91 1608 185 1659 regem
206 1594 500 1664 constituerat—cujus
524 1596 609 1649 frater
633 1595 811 1662 Moritasgus,
835 1593 886 1647 ad-

90 1682 175 1727 ventu
188 1673 217 1728 in
230 1676 351 1730 Galliam
362 1678 490 1747 Caesaris,
500 1679 632 1748 cujusque
641 1677 760 1746 majores
769 1691 886 1743 reguum

91 1756 466 1827 obtinuerant-interficere
500 1761 614 1830 publico
640 1758 755 1813 consilio
783 1756 885 1825 conati,

92 1855 177 1908 quum
198 1839 244 1894 iile
267 1842 459 1910 praesensisset
482 1860 517 1896 ac
540 1842 716 1912 profugisset,
737 1855 825 1909 usque
847 1839 887 1892 ad

91 1921 161 1975 fines
185 1923 333 1991 insequuti,
357 1940 443 1993 regno
473 1924 613 1993 domoque
639 1924 817 1993 expulenmt:
848 1930 886 1990 et,

91 2004 185 2057 missis
195 2005 232 2057 ad
244 2006 384 2058 Caesarem
393 2005 581 2060 satisfaciendi
591 2012 677 2060 causa
685 2003 790 2073 legatiS,
799 2004 887 2072 quum

92 2085 117 2139 is
138 2101 250 2139 omnem
270 2086 307 2139 ad
331 2102 362 2140 se
385 2096 514 2141 senatum
536 2087 631 2142 venire
652 2087 789 2156 jussisset,
810 2085 888 2139 dieto

92 2166 237 2222 audientes
249 2184 306 2222 non
317 2168 434 2224 suerunt
460 2173 584 2224 Tantum
595 2170 672 2240 apud
682 2167 811 2222 homines
823 2167 887 2220 bar-

92 2249 175 2304 baros
196 2251 281 2304 valuit
300 2267 363 2305 esse
382 2261 505 2322 repertos
526 2254 634 2321 aliquos
662 2249 801 2320 principes
820 2249 888 2304 belli

92 2332 237 2398 inserendi,
250 2343 413 2403 tantamque
425 2336 553 2389 omnibus
565 2336 739 2388 voluntatum
752 2340 887 2385 commut-

92 2415 215 2469 ationem
233 2416 332 2485 attulit,
351 2426 381 2470 ut
397 2426 499 2487 praeter
515 2417 625 2470 AEduos
642 2425 672 2470 et
690 2417 803 2484 Remos,
816 2429 886 2483 quos

92 2498 232 2568 praecipuo
245 2517 354 2569 semper
365 2501 472 2555 honore
485 2499 581 2552 Caesar
592 2497 826 2552 habuit-alteros
835 2511 886 2563 pro

92 2589 185 2634 vetere
197 2598 230 2636 ac
248 2589 381 2650 perpetua
398 2599 465 2650 erga
485 2580 621 2649 Populum
643 2583 804 2634 Romanum
822 2575 887 2644 fide,

93 2661 195 2715 alteros
206 2681 256 2734 pro
266 2665 421 2718 recentibus
431 2663 530 2718 Gallici
537 2663 603 2716 belli
612 2660 822 2717 officiis—nulla
829 2658 888 2714 fere

93 2743 191 2800 civitas
203 2745 284 2799 suerit
295 2762 353 2799 nou
365 2754 494 2815 suspecta
505 2745 593 2799 nobis.
627 2745 717 2814 quue
728 2736 799 2798 adeo
810 2741 890 2796 haud

83 2922 180 3144 Ti

207 3200 615 3237 ——-—---‘
