1928 3344
188 208 249 264 ne
271 208 405 264 uerno
431 205 613 277 nmmo,
636 211 713 266 Lm.
738 211 765 266 ν.
838 224 871 282 ³³

81 348 217 404 itudinem
232 350 407 405 convertisse.
445 350 552 418 Quibus
564 350 649 404 literis
662 351 770 405 circiter
780 349 874 405 medii

82 442 165 487 nocte
179 432 274 487 Caesar
292 433 383 487 allatis
400 449 465 486 suos
482 433 549 486 lacit
563 433 700 501 certiores,
717 450 820 503 eosque
836 432 874 487 ad

82 515 276 570 dimicandum
300 516 394 569 animo
415 515 579 570 confirmat:
609 524 720 584 postero
744 516 790 570 die
812 517 875 570 luce

82 597 174 668 prima
200 606 294 651 movet
321 606 420 666 castra,
445 606 472 651 et
496 597 604 652 circiter
629 599 716 652 millia
741 615 875 668 passuum

83 691 202 752 quatuor
219 698 388 750 progressus,
401 690 478 735 trans
490 682 591 735 vallem
603 697 735 750 magnam
747 691 775 736 et
786 681 876 735 rivum

83 764 290 819 multitudinem
317 764 440 819 hostium
467 764 650 833 conspicatur.
688 767 758 819 Erat
780 763 876 833 magni

83 847 198 916 periculi
215 865 268 918 res,
281 865 345 902 cum
357 848 442 903 tantis
454 847 542 917 copiis
554 847 649 918 iniquo
660 848 722 902 loco
735 847 875 902 dimicare.

84 932 167 999 Tum,
175 930 308 1000 quoniam
320 931 466 985 liberatum
479 930 624 986 obsidione
632 931 796 985 Ciceronem
808 929 876 984 scie·

85 1014 142 1081 bat,
156 1012 244 1084 eoque
256 1015 369 1069 omnino
382 1013 578 1069 remittendum
590 1013 626 1068 de
637 1014 777 1069 celeritate
795 1013 877 1069 exist-

84 1095 200 1166 imabat,
213 1097 348 1165 consedit,
362 1106 398 1166 et,
410 1098 496 1166 quam
515 1096 675 1166 aequissimo
694 1105 786 1166 potest
804 1097 877 1164 loco,

85 1187 179 1232 castra
199 1178 361 1231 communit.
397 1179 491 1247 Atque
511 1179 582 1247 haec,
604 1178 656 1232 etsi
678 1186 757 1233 erant
777 1178 878 1246 exigua

84 1277 135 1330 per
156 1277 195 1330 se,
215 1261 262 1314 vix
282 1261 427 1314 hominum
448 1261 566 1314 millium
587 1270 702 1329 septem,
722 1261 878 1330 praesertim

85 1343 169 1398 nullis
186 1359 251 1398 cum
267 1343 482 1414 impedimentis,
494 1351 589 1397 tamen
609 1343 745 1412 angustiis
763 1345 878 1412 viarum,

85 1425 171 1496 quem
190 1419 312 1480 maxime
331 1434 431 1496 potest,
447 1426 594 1496 contrahit,
606 1442 640 1480 eo
660 1427 784 1496 consilio,
801 1437 832 1482 ut
849 1426 879 1480 in

87 1527 226 1564 summam
239 1510 475 1580 contemptionem
486 1510 613 1564 hostibus
622 1510 723 1565 veniat
755 1509 877 1572 Interim

87 1593 306 1664 speculatoribus
326 1593 357 1647 in
375 1609 472 1648 omnes
491 1604 585 1663 partes
604 1593 736 1662 dimissis,
748 1593 877 1663 explorat,

87 1693 143 1746 quo
155 1676 382 1731 commodissimo
394 1676 492 1730 itinere
503 1676 605 1730 vallem
616 1677 734 1731 transire
745 1677 842 1745 possit.

125 1760 155 1812 L.
176 1760 220 1812 Eo
233 1758 286 1825 die,
294 1758 415 1827 parvulis
427 1759 600 1827 equestribus
612 1759 716 1826 proeliis
729 1759 765 1811 ad
777 1773 880 1826 aquarn

86 1839 178 1907 lactis,
191 1839 299 1909 utrique
316 1855 379 1894 sese
393 1856 444 1894 suo
457 1840 519 1893 loco
535 1839 692 1905 continent;
711 1840 792 1906 Galli,
805 1839 880 1908 quod

88 1922 239 1992 ampliores
261 1923 365 1993 copias,
386 1938 449 1991 quae
472 1921 597 1974 nondum
621 1930 814 1988 convenerant,
835 1938 881 1976 ex·

89 2007 272 2077 spectabant;
304 2007 407 2074 Caesar,
431 2005 455 2059 si
478 2005 549 2059 forte
572 2005 679 2059 timoris
705 2005 882 2060 simulatione

89 2088 184 2142 hostes
196 2088 226 2141 in
238 2105 318 2142 suum
330 2088 423 2141 locum
435 2086 533 2141 elicere
544 2095 648 2156 posset,
658 2095 688 2140 ut
700 2086 769 2141 citra
779 2087 880 2140 vallem

89 2187 141 2240 pro
159 2171 257 2225 castris
275 2170 374 2239 proelio
392 2170 587 2235 contenderet;
610 2169 634 2223 si
651 2168 681 2223 id
699 2170 806 2224 efficere
823 2185 880 2222 non

90 2262 194 2323 posset,
202 2261 241 2321 ut,
248 2252 396 2322 exploratis
408 2253 560 2321 itineribus,
567 2258 674 2307 minore
685 2269 749 2305 cum
760 2252 882 2321 periculo

90 2335 192 2390 vallem
218 2334 360 2404 rivumque
387 2336 522 2390 transiret.
560 2335 654 2388 Prima
676 2334 738 2387 luce
761 2333 882 2386 hostiurn

92 2417 230 2487 equitatus
239 2416 277 2470 ad
286 2427 378 2471 castra
386 2419 503 2487 accedit,
511 2417 693 2486 proeliumque
706 2432 769 2469 cum
782 2414 883 2467 nostris

92 2498 231 2569 equitibus
245 2499 399 2555 committit
432 2501 527 2554 Caesar
536 2497 661 2554 consulto
671 2497 776 2566 equites
787 2497 885 2552 cedere

92 2598 178 2651 seque
194 2580 224 2634 in
240 2591 332 2636 castra
350 2583 473 2654 recipere
488 2584 587 2653 jubet;
607 2581 689 2635 simul
706 2597 740 2635 ex
756 2580 885 2635 omnibus

92 2665 218 2737 partibus
236 2674 328 2720 castra
346 2666 443 2721 altiore
458 2667 531 2720 vallo
549 2664 659 2733 muniri,
670 2674 819 2734 portasque
837 2665 885 2718 ob·

93 2747 170 2816 strui,
198 2755 282 2817 atque
308 2747 337 2802 in
364 2749 408 2802 his
436 2748 662 2805 administrandis
692 2751 775 2802 rebus
802 2747 892 2813 quim

482 2844 506 2890 b
