1928 3344
195 207 255 262 Da
277 209 411 264 narro
437 209 619 280 Granico
644 212 720 266 arn.
747 212 774 265 ν.
848 224 876 264 21

88 347 246 416 periculum,
259 357 288 402 at
301 357 375 403 certe
386 349 538 420 longinqua
550 351 695 406 obsidione
706 352 794 406 fames
806 361 880 408 esset

86 430 332 500 pertimescenda''

121 515 211 567 XXX.
245 515 309 568 Hac
334 514 362 567 in
387 523 533 584 utramque
557 525 666 584 partem
693 517 880 587 disputatione

86 595 192 663 habita,
204 611 290 664 quum
311 613 329 648 a
350 597 432 649 Cotta
450 597 601 667 primisque
620 599 762 653 ordinibus
780 601 880 657 acriter

86 679 265 746 resisteretur,
272 679 428 746 “Vincite''
438 679 534 748 inquit,
540 680 584 734 “si
592 681 632 734 ita
639 681 745 748 vultis,''
750 683 878 753 Sabinus,

86 771 113 814 et
126 761 155 814 id
169 761 283 815 clariore
292 778 368 828 voce,
377 771 408 814 ut
416 779 518 830 magna
525 780 589 831 pars
599 764 719 817 militurn
727 765 879 820 exaudiret:

86 846 197 913 “neque
210 844 233 897 is
253 845 338 910 sum,”
356 844 453 913 inquit,
472 845 545 914 “qui
563 845 728 914 gravissime
746 863 780 899 ex
797 848 877 901 vobis

85 926 181 981 mortis
201 927 322 996 periculo
346 936 467 981 terrear:
490 927 520 980 hi
541 929 657 997 sapient,
676 937 704 982 et
725 929 748 981 si
767 930 878 997 gravius

86 1009 152 1078 quid
165 1009 304 1078 acciderit,
312 1009 362 1062 abs
374 1018 402 1063 te
414 1009 550 1064 rationem
562 1019 719 1078 reposcent:
732 1011 787 1080 qui,
798 1011 878 1081 siper

85 1102 113 1146 te
124 1093 215 1160 liceat,
227 1092 379 1161 perendino
392 1092 437 1146 die
451 1109 514 1146 cum
526 1092 659 1162 proximis
671 1092 794 1147 hibernis
812 1111 877 1147 con·

83 1175 179 1245 juncti,
193 1191 369 1228 communem
391 1191 454 1228 cum
467 1174 578 1243 reliquis
590 1175 656 1228 belli
669 1191 765 1229 casum
777 1176 876 1228 sustin·

85 1266 157 1326 eant,
179 1273 232 1310 nec
256 1256 350 1325 reJ'ecti
368 1265 396 1310 et
415 1256 528 1324 relegati
547 1255 629 1325 longe
653 1258 689 1310 ab
708 1257 806 1311 ceteris
831 1267 876 1311 aut

84 1339 156 1392 ferro
169 1347 216 1392 aut
228 1338 302 1391 fame
315 1337 473 1392 intereant?

120 1423 226 1475 XXXI.
248 1420 427 1488 Consurgitur
439 1436 473 1474 ex
490 1421 618 1485 consilio;
640 1421 877 1490 comprehendunt

83 1513 230 1572 utrumque
239 1512 266 1557 et
279 1512 366 1571 orant,
377 1506 434 1557 “ne
444 1509 494 1557 sua
507 1503 680 1558 dissensione
689 1512 717 1558 et
724 1505 877 1573 pertinacia

84 1602 143 1639 rem
155 1587 184 1638 in
197 1603 337 1639 summum
354 1585 506 1653 periculum
524 1587 679 1641 deducant:
691 1587 802 1641 facilem
814 1603 876 1642 esse

83 1685 151 1735 rem,
164 1685 213 1722 seu
225 1677 366 1734 maneant,
379 1685 428 1722 seu
437 1669 654 1737 proficiscantur,
663 1669 686 1721 si
695 1665 780 1723 modo
790 1686 875 1723 unum

83 1767 182 1804 omnes
195 1750 317 1804 sentiant
335 1766 368 1802 ac
387 1751 518 1818 probent3
540 1760 637 1804 contra
655 1752 684 1803 in
703 1751 876 1804 dissensione

83 1832 189 1886 nullam
213 1849 243 1886 se
263 1831 381 1884 salutem
399 1832 579 1902 perspicere.’'
615 1834 671 1885 Res
689 1832 876 1901 disputatione

83 1915 120 1968 ad
133 1915 254 1968 mediam
271 1925 383 1971 noctem
395 1913 559 1984 perducitur.
595 1914 723 1968 Tandem
736 1914 784 1969 dat
794 1916 876 1969 Cotta
907 1914 910 1918 ’

83 2007 223 2067 permotus
242 2004 362 2064 manfis3
381 2007 492 2066 superat
510 1997 647 2052 sententia
666 1997 771 2052 Sabini.
810 2000 875 2052 Pro·

83 2081 233 2149 nuntiatur,
258 2081 347 2149 prima
366 2081 428 2135 luce
451 2080 556 2135 ituros:
581 2080 752 2134 consumitur
775 2080 875 2149 vigiliis

83 2163 188 2232 reliqua
200 2180 264 2233 pars
277 2163 374 2231 noctis,
385 2179 470 2232 quum
480 2179 530 2216 sua
539 2163 655 2232 quisque
666 2163 747 2217 miles
759 2163 874 2218 circum·

84 2245 209 2312 spiceret,
222 2246 290 2315 quid
302 2262 397 2300 secum
409 2254 520 2314 portare
534 2255 637 2315 posset,
650 2245 718 2315 quid
730 2263 763 2299 ex
775 2247 875 2301 instru-

83 2337 178 2381 mento
201 2328 381 2382 hibernorum
403 2328 557 2397 relinquere
585 2338 733 2396 cogeretur.
773 2329 877 2382 Omnia

83 2410 281 2479 excogitantur,
295 2428 380 2480 quare
397 2428 450 2465 nec
468 2412 527 2466 sine
545 2411 666 2479 periculo
684 2418 831 2463 maneatur
847 2420 874 2465 et

83 2494 216 2561 languore
239 2494 358 2548 militurn
382 2503 410 2548 et
432 2493 533 2562 vigiliis
564 2491 717 2561 periculum
734 2500 874 2559 augeatur.

85 2575 179 2629 Prima
191 2575 252 2629 luce
264 2577 304 2628 sic
322 2593 356 2630 ex
374 2576 472 2630 castris
490 2574 710 2644 proficiscuntur,
728 2583 758 2627 ut
775 2575 877 2644 quibus

84 2667 158 2714 esset
182 2674 354 2727 persuasum.
383 2675 440 2713 non
470 2659 507 2712 ab
527 2659 617 2726 hoste,
639 2657 689 2711 sed
706 2658 743 2712 ab
762 2658 876 2713 homine
