1928 3344
125 130 157 171 22
336 115 364 171 c.
384 113 500 188 Jurrr
522 111 707 169 CAEsAms

123 255 293 310 amicissimo
306 255 467 325 Ambiorige
476 254 623 310 consilium
636 254 740 323 datum,
752 252 920 322 longissimo

123 337 235 404 agmine
246 337 432 406 maximisque
443 335 656 405 impedimentis.

157 421 280 474 XXXII.
306 421 344 474 At
368 422 470 488 hostes,
500 428 682 488 posteaquam
711 434 745 472 ex
779 427 918 473 nocturno

122 501 232 557 fremitu
245 503 400 571 vigiliisque
413 502 448 556 de
465 501 635 571 profectione
647 517 743 554 eorum
761 512 917 571 senserunt,

123 585 264 639 collocatis
276 585 384 639 insidiis
396 584 527 654 bipartito
539 585 568 638 in
578 584 653 637 silvis
663 593 818 653 opportuno
830 593 917 654 atque

123 668 232 721 occulto
250 666 321 735 loco,
340 683 358 720 a
378 667 500 721 millibus
518 683 651 736 passuum
669 666 778 720 circiter
796 665 916 735 duobus,

124 750 313 802 Romanorum
327 750 479 804 adventum
491 749 705 819 exspectabant:
723 758 759 817 et,
778 765 865 818 quum
883 767 916 804 se

122 832 212 900 major
223 849 288 901 pars
301 832 421 901 agminis
442 833 472 886 in
489 834 621 902 magnam
639 832 793 886 convallem
812 832 915 886 demis·

122 914 198 983 isset,
210 930 244 968 ex
256 921 372 984 utraque
384 924 464 984 parte
475 916 534 985 ejus
543 915 623 969 vallis
642 912 733 967 subitb
743 929 774 967 se
786 912 915 968 ostende·

123 1006 194 1067 runt,
214 997 436 1068 novissimosque
456 1015 580 1067 premere
597 1005 626 1051 et
642 995 747 1064 primos
767 995 914 1064 prohibere

123 1097 241 1134 ascensu
265 1089 350 1150 atque
373 1080 549 1150 iniquissimo
572 1079 675 1133 nostris
698 1078 760 1132 loco
783 1077 914 1146 proelium

125 1164 298 1219 committere
310 1173 462 1234 coeperunt

158 1249 299 1302 XXXIII.
318 1250 392 1301 Tum
399 1248 512 1301 demum
524 1243 656 1311 Titurius,
668 1252 698 1297 ut
710 1243 758 1312 qui
769 1242 838 1296 nihil
847 1253 915 1298 ante

123 1329 298 1398 providisset,
310 1329 457 1398 trepidare,
476 1342 647 1393 concursare,
661 1326 844 1396 cohortesque
857 1325 914 1380 dis·

123 1425 245 1477 ponere;
262 1410 324 1462 haec
348 1417 442 1463 tamen
466 1407 528 1477 ipsa
551 1406 655 1475 timide,
681 1416 765 1477 atque
788 1417 819 1461 ut
848 1424 915 1462 eum

124 1491 218 1543 omnia
242 1491 360 1544 deficere
384 1490 559 1544 viderentur:
586 1490 661 1558 quod
689 1491 852 1559 plerumque
878 1491 914 1545 iis

122 1574 249 1628 accidere
269 1573 419 1642 consuevit,
439 1572 486 1642 qui
505 1572 533 1626 in
552 1572 614 1642 ipso
632 1573 745 1642 negotio
766 1572 915 1628 consilium

125 1674 225 1727 capere
248 1666 391 1726 coguntur.
427 1657 465 1710 At
488 1655 577 1724 Cotta,
605 1655 652 1725 qui
672 1655 829 1724 cogitasset,
849 1656 914 1711 haec

122 1756 205 1808 posse
218 1740 246 1793 in
259 1740 356 1795 itinere
368 1738 502 1805 accidere,
515 1748 598 1808 atque
607 1740 644 1792 ob
653 1754 716 1792 eam
725 1753 841 1791 causam
849 1755 913 1806 pro-

121 1822 250 1876 fectionis
269 1830 366 1876 auctor
384 1838 441 1874 non
453 1821 559 1890 fuisset,
570 1823 647 1876 nulla
669 1820 698 1874 in
717 1835 747 1873 re
769 1822 912 1875 communi

122 1905 204 1958 saluti
229 1903 324 1958 deerat
336 1922 344 1968 ;
372 1912 399 1956 et
423 1903 452 1957 in
479 1904 652 1974 appellandis
678 1901 913 1972 cohortandisque

121 1987 255 2040 militibus
276 1986 457 2055 imperatoris,
478 1997 506 2041 et
530 1988 559 2041 in
585 1992 687 2058 pugna,
705 1984 801 2039 militis
820 1984 912 2040 officia

122 2069 282 2137 praestabat.
310 2069 457 2138 Quumque
466 2080 578 2140 propter
589 2068 791 2138 longitudinem
803 2067 911 2134 agmin-

122 2151 146 2204 is
159 2150 251 2204 minus
263 2151 344 2205 facile
361 2168 411 2221 per
428 2170 459 2207 se
477 2154 572 2207 omnia
584 2152 667 2220 obire,
678 2159 714 2217 et,
724 2148 790 2217 quid
800 2155 912 2218 quoque

121 2234 183 2287 loco
195 2234 353 2288 faciendum
372 2245 455 2303 esset,
473 2235 618 2305 providere
636 2239 757 2302 possent,
767 2231 910 2300 jusserunt

121 2316 306 2390 pronuntiare,
318 2326 349 2371 ut
364 2317 564 2388 impedimenta
584 2316 767 2381 relinquerent
779 2322 862 2383 atque
880 2315 909 2369 in

121 2400 218 2453 orbem
230 2401 420 2456 consisterent.
459 2399 542 2470 Quod
561 2396 707 2452 consilium
725 2395 777 2450 etsi
797 2398 826 2449 in
837 2397 908 2466 ejus-

121 2483 198 2536 modi
228 2501 293 2537 casu
323 2482 580 2552 reprehendendum
601 2496 657 2532 non
683 2487 734 2546 est,
753 2489 847 2533 tamen
867 2479 908 2533 in-

121 2565 269 2620 commode
288 2565 409 2621 accidit:
426 2581 493 2619 nam
513 2572 541 2617 et
560 2563 662 2617 nostris
683 2562 816 2617 militibus
829 2578 907 2631 spem

121 2648 227 2715 minuit,
240 2657 268 2702 et
278 2648 374 2703 hostes
386 2647 424 2702 ad
435 2663 558 2722 pugnam
571 2646 717 2705 alacriores
729 2643 907 2717 effecit‚qubd

83 2916 132 3072 l.

151 3111 659 3152 M...-
