1928 3344
214 505 256 580 c,
306 507 450 603 Junn
505 510 756 586 CAEsnnrs

141 643 222 764 nn
287 693 489 769 nunno
552 696 829 772 Gannico

393 892 513 946 LIBER
538 894 572 947 V.

89 1173 110 1226 Ι.
140 1175 238 1228 Luem
263 1175 413 1240 DOMITIO,
436 1173 529 1243 Appio
555 1174 679 1243 Claudio,
710 1175 876 1247 consulibus,

88 1254 234 1308 discedens
252 1255 290 1309 ab
305 1255 427 1309 hibernis
441 1256 536 1309 Caesar
554 1255 582 1308 in
604 1256 723 1326 Italiam,
744 1267 775 1312 ut
798 1268 876 1328 quot·

86 1336 167 1390 annis
179 1337 270 1393 facere
282 1338 437 1409 consuerat,
445 1338 543 1407 legatis
555 1339 681 1408 imperat,
689 1355 760 1409 quos
773 1340 875 1410 legion·

86 1421 148 1475 ibus
160 1422 328 1492 praefecerat,
346 1423 392 1491 uti,
403 1421 628 1492 quamplurimas
645 1431 767 1492 possent,
784 1424 875 1478 hieme
959 1472 961 1488 ,

86 1519 172 1557 naves
184 1503 364 1559 aedificandas
381 1516 542 1575 veteresque
559 1504 723 1558 reficiendas
741 1515 874 1564 curarent.

87 1588 192 1640 Earum
203 1586 319 1640 modum
329 1587 502 1657 formamque
515 1586 692 1640 demonstrat
729 1587 775 1640 Ad
783 1587 874 1642 celeri·

86 1679 173 1724 tatem
185 1669 318 1723 onerandi
330 1669 581 1737 subductionesque
593 1670 675 1738 paulo
692 1668 760 1722 facit
776 1669 874 1724 humil·

85 1752 167 1821 iores,
179 1751 264 1822 quam
272 1750 372 1820 quibus
380 1751 409 1804 in
416 1759 512 1804 nostro
520 1751 590 1804 mari
599 1751 639 1804 uti
648 1751 875 1806 consuevimus-

85 1843 168 1902 atque
180 1834 210 1887 id
228 1851 261 1888 eo
273 1833 371 1902 magis,
390 1833 589 1903 quodpropter
601 1834 711 1888 crebras
724 1843 875 1890 commuta·

85 1917 175 1972 tiones
182 1926 301 1971 aestuum
310 1915 402 1970 minus
414 1931 532 1984 magnos
541 1914 581 1968 ibi
592 1915 692 1970 fluctus
705 1916 764 1969 fieri
774 1933 875 1986 cogno·

85 2000 234 2056 verat-ad
255 2016 339 2053 onera
359 2007 387 2054 et
407 1998 445 2052 ad
462 1998 667 2052 multitudinem
684 1999 875 2068 jumentorum

85 2082 328 2153 transportandam
351 2083 434 2150 paulo
457 2079 578 2149 latiores,
601 2080 688 2150 quam
715 2081 815 2150 quibus
845 2083 874 2137 in

84 2166 195 2236 reliquis
219 2165 321 2219 utimur
344 2164 474 2217 maribus.
524 2165 586 2216 Has
610 2180 707 2218 omnes
736 2165 874 2219 actuarias

83 2248 201 2318 imperat
213 2247 280 2316 fieri,
293 2263 378 2316 quam
394 2246 433 2300 ad
452 2262 512 2300 rem
530 2245 648 2299 multirm
666 2245 807 2301 humilitas
824 2248 873 2302 ad·

81 2331 166 2400 juvat.
203 2332 255 2399 Ea,
268 2346 331 2399 quae
349 2337 414 2383 sunt
430 2328 493 2381 usui
510 2327 548 2381 ad
565 2328 714 2381 armandas
726 2345 820 2398 naves,
839 2347 873 2383 ex

84 2413 223 2482 Hispania
234 2412 373 2482 apportari
383 2410 468 2480 jubet
495 2412 566 2479 lpse,
579 2411 760 2464 conventibus
774 2411 872 2466 Galliae

82 2496 215 2550 citerioris
226 2495 355 2565 peractis,
367 2494 396 2547 in
410 2493 550 2562 Illyricum
559 2490 750 2561 proficiscitur,
767 2491 843 2562 qubd
854 2511 871 2548 a

83 2578 199 2632 Pirustis
210 2577 356 2632 finitimam
374 2585 483 2645 partem
496 2573 649 2627 Provinciae
669 2573 870 2630 incursionibus

82 2661 184 2719 vastari
208 2660 345 2715 audiebat
395 2657 438 2711 Εὸ
455 2673 541 2727 quum
560 2655 689 2727 venisset,
714 2657 870 2715 civitatibus

464 2751 485 2797 B
