1928 3344
153 254 187 312 30
236 262 239 265 ·
362 239 392 297 c.
413 241 527 312 Juan
549 240 735 296 casnm

151 381 268 436 educere
286 382 398 436 conanti
415 381 542 435 dextram
551 385 675 435 moratur
683 396 798 434 manum
807 398 815 444 ;
836 379 940 448 imped·

150 463 220 518 itum
235 466 330 518 hostes
348 463 563 518 circumsistunt.
602 463 743 518 Succurrit
762 461 891 515 inimicus
904 462 944 516 illi

150 548 284 616 Varenus,
301 557 329 601 et
344 545 483 600 laboranti
502 546 636 599 subvenit.
670 546 717 598 Ad
734 545 808 597 hunc
828 561 859 598 se
877 561 942 598 con-

149 629 243 683 festim
255 648 272 683 a
285 629 409 683 Pulfione
421 628 512 682 omnis
530 627 678 682 multitudo
697 627 832 681 convertit
845 645 852 681 :
864 627 943 680 illurn

151 722 248 766 veruto
278 712 442 766 transfixum
471 711 646 764 arbitrantur.
697 711 834 764 Occursat
864 709 942 764 ociirs

149 795 242 864 gladio
264 795 445 862 cominusque
464 809 523 846 rem
542 794 612 861 gerit
633 795 768 861 Varenus,
781 801 873 861 atque,
885 809 942 846 uno

149 877 300 944 interfecto,
312 875 432 944 reliquos
445 875 559 942 paulum
570 874 698 944 propellit
710 892 716 927 :
735 873 802 926 dum
814 872 943 942 cupidiiis

149 958 241 1026 instat,
253 959 283 1010 in
294 958 387 1011 locum
395 956 518 1025 dejectus
526 956 685 1010 inferiorem
697 956 827 1010 concidit.
866 955 942 1010 Huic

148 1056 241 1094 mrsus
262 1040 452 1094 circumvento
480 1038 533 1093 sert
560 1038 715 1092 subsidium
737 1039 834 1102 Pulfio‚
856 1046 942 1106 atque

148 1124 230 1176 ambo
238 1121 942 1192 incolumes,compluribusintersectis‚summacum

148 1204 230 1259 laude
242 1222 303 1260 sese
315 1205 388 1258 intra
404 1203 572 1258 munitiones
590 1202 733 1271 recipiunt.
771 1202 818 1256 Sic
829 1202 942 1256 fortuna

147 1286 175 1340 in
188 1287 364 1341 contentione
371 1294 399 1341 et
411 1287 562 1341 certamine
569 1295 717 1354 utrumque
723 1286 852 1353 versavit,
861 1295 893 1339 ut
902 1287 942 1339 al·

146 1376 189 1422 ter
197 1370 275 1423 alteri
282 1369 411 1422 inimicus
420 1369 522 1421 auxilio
530 1367 665 1436 salutique
672 1376 753 1435 esset,
767 1384 857 1436 neque
870 1367 942 1438 diju-

146 1449 232 1503 dicari
243 1459 345 1519 posset,
350 1459 411 1503 uter
419 1450 473 1503 utri
481 1449 581 1503 virtute
589 1449 783 1503 anteferendus
792 1449 941 1505 videretur.

182 1533 267 1585 XLV.
288 1532 400 1600 Quanto
412 1541 472 1586 erat
484 1532 513 1585 in
526 1532 586 1586 dies
597 1533 707 1600 gravior
719 1541 803 1601 atque
815 1534 942 1602 asperior

147 1613 379 1681 oppugnatio-et
398 1612 519 1666 maxime
537 1612 620 1682 quod,
639 1618 743 1680 magna
760 1621 838 1681 parte
856 1614 942 1668 milit-

146 1713 194 1749 um
218 1696 345 1751 conlecta
368 1696 536 1763 vulneribus,
560 1711 604 1750 res
628 1696 666 1748 ad
690 1696 860 1763 paucitatem
890 1697 939 1750 de-

146 1777 286 1831 fensorum
305 1786 583 1848 pervenerat-tanto
602 1776 754 1831 crebriores
770 1777 858 1832 literae
869 1794 940 1831 nun·

146 1861 231 1929 tiique
262 1861 300 1913 ad
335 1861 477 1914 Caesarem
499 1859 699 1912 mittebantur:
730 1874 849 1927 quorum
872 1876 940 1928 pars

146 1942 319 2011 deprehensa
337 1941 367 1994 in
387 1950 536 2010 conspectu
557 1950 715 1994 nostrorum
735 1942 854 1995 militurn
874 1959 942 1998 cum

146 2025 271 2078 cruciatu
301 2024 460 2076 necabatur.
507 2025 575 2076 Erat
606 2039 677 2077 unus
707 2023 782 2077 intus
807 2024 940 2092 Nervius,

145 2106 258 2159 nomine
278 2104 400 2172 Vertico‚
417 2105 479 2158 loco
499 2113 580 2158 natus
601 2106 728 2174 honesto,
741 2106 788 2175 qui
810 2123 828 2160 a
847 2107 941 2175 prima

146 2188 290 2242 obsidione
314 2186 351 2240 ad
377 2188 540 2241 Ciceronem
563 2187 729 2256 perfugerat,
754 2205 890 2258 suamque
913 2190 942 2245 ei

145 2270 230 2322 fidem
247 2268 420 2338 praestiterat.
467 2268 524 2322 Hic
543 2285 623 2323 servo
640 2285 690 2338 spe
706 2269 842 2323 libertatis
860 2286 940 2338 mag-

145 2353 244 2422 nisque
261 2352 410 2422 persuadet
428 2351 559 2422 praemiis,
571 2360 602 2404 ut
621 2351 715 2405 literas
737 2351 775 2405 ad
797 2352 939 2407 Caesarem

145 2435 256 2489 deferat.
284 2437 346 2488 Has
359 2436 405 2489 ille
417 2435 446 2487 in
455 2434 548 2503 jaculo
561 2433 680 2500 illigatas
692 2433 779 2502 effert,
789 2442 825 2500 et,
841 2435 939 2489 Gallus

146 2518 215 2572 inter
230 2519 325 2572 Gallos
342 2517 400 2571 sine
417 2518 475 2569 ulla
494 2516 652 2586 suspicione
664 2525 798 2584 versatus,
810 2516 847 2569 ad
862 2517 939 2571 Caes·

145 2619 221 2656 arem
229 2601 360 2670 pervenit.
380 2601 467 2655 Abeo
475 2601 511 2652 de
519 2598 651 2669 periculis
659 2599 801 2654 Ciceronis
809 2598 938 2668 legionis-

145 2703 199 2755 que
216 2684 394 2752 :ognoscitun

180 2769 280 2823 XLVI.
302 2768 404 2836 Caesar,
423 2765 544 2836 acceptis
565 2765 649 2820 literis
671 2765 740 2820 bora
760 2764 869 2822 circiter
888 2781 937 2822 un·
