1928 3344
168 260 201 304 ro
377 242 405 303 C.
425 245 542 320 JULII
562 243 749 304 CAESARIS

166 388 265 457 ernis,'’
290 387 454 444 docebant:
478 391 560 444 “rem
588 404 653 444 esse
679 388 851 459 testimonio,
881 387 958 457 qubd

165 471 285 541 primum
298 470 420 525 hostium
432 471 577 542 impetum,
597 471 691 525 multis
709 471 780 525 ultro
798 471 957 524 vulneribus

165 553 257 624 illatis,
275 553 425 609 fortissime
442 553 637 609 sustinuerint:
654 570 684 608 re
702 553 882 608 frumentaria
898 570 957 607 non

165 637 268 706 premi:
281 637 386 691 interea
397 645 425 691 et
437 653 471 692 ex
483 636 615 706 proximis
632 636 756 690 hibernis
774 646 802 692 et
814 653 831 689 a
844 638 957 690 Caesare

165 729 335 775 conventura
347 718 472 773 subsidia
481 719 506 774 :’'
518 728 667 788 postremo,
681 721 697 750 “
704 718 771 787 quid
789 736 852 774 esse
868 718 957 773 levius

165 811 214 856 aut
226 801 339 871 turpius,
352 795 446 870 quam,
459 810 572 855 auctore
583 800 671 870 hoste,
685 801 720 855 de
739 801 855 854 summis
873 803 957 855 rebus

165 900 264 955 capere
277 883 422 938 consilium
432 883 465 938 ?'’

201 968 307 1021 XXIX
323 966 427 1021 Contra
438 982 473 1020 ea
484 965 616 1034 Titurius,
629 961 712 1020 “serb
719 965 956 1034 facturos,''clam-

167 1049 262 1117 itabat,
277 1051 383 1120 “quum
402 1048 521 1117 majores
542 1048 665 1103 hostium
683 1055 791 1117 manus,
811 1049 957 1120 adjunctis

168 1132 324 1201 Germanis,
333 1131 528 1186 convenissent
539 1149 545 1185 :
558 1140 606 1185 aut
618 1147 703 1200 quum
713 1131 818 1201 aliquid
831 1132 957 1188 calamit-

165 1214 220 1270 atis
241 1214 270 1268 in
288 1212 420 1285 proximis
437 1213 561 1269 hibernis
580 1222 653 1268 esset
670 1223 824 1282 acceptum,
842 1214 958 1269 brevem

165 1297 328 1352 consulendi
354 1312 416 1352 esse
440 1294 634 1351 occasionem:
664 1297 806 1351 Caesarem
829 1297 958 1353 arbitrari

166 1381 319 1450 proiectum
332 1380 359 1432 in
380 1379 507 1433 Italiam:
524 1394 616 1448 neque
627 1379 707 1433 aliter
720 1381 854 1433 Carnutes
872 1380 957 1434 inter·

165 1461 276 1515 ficiendi
296 1459 420 1528 Tasgetii
445 1459 590 1514 consilium
607 1459 692 1514 fuisse
710 1471 847 1530 capturos,
865 1478 959 1532 neque

167 1543 321 1611 Eburones,
334 1541 358 1595 si
371 1541 417 1595 ille
434 1542 554 1609 adesset,
572 1549 650 1596 tanti
667 1560 731 1596 cum
749 1545 958 1614 contemptione

165 1625 253 1681 nostri
270 1624 307 1679 ad
325 1633 417 1679 castra
440 1634 571 1678 venturos
592 1641 672 1680 esse:
689 1643 747 1679 non
764 1628 874 1681 hostem
890 1645 958 1683 auc·

164 1717 262 1776 torem,
272 1707 323 1762 sed
334 1723 393 1761 rem
406 1716 531 1777 spectare
539 1725 546 1772 ;
562 1708 676 1762 subesse
686 1708 831 1774 Rhenum;
852 1726 959 1779 magno

165 1807 227 1846 esse
241 1790 387 1845 Germanis
400 1789 487 1843 dolori
496 1789 627 1843 Ariovisti
639 1800 758 1843 mortem
767 1799 795 1844 et
802 1791 959 1861 superiores

165 1885 274 1927 nostras
292 1872 437 1926 victorias:
459 1870 556 1925 ardere
575 1872 704 1939 Galliam,
722 1881 764 1926 tot
781 1875 959 1930 contumeliis

166 1955 288 2023 acceptis
311 1955 362 2007 sub
377 1954 473 2022 Populi
498 1954 618 2006 Romani
639 1953 786 2022 imperium
804 1955 960 2027 redactam,

166 2035 305 2105 superiore
316 2035 404 2103 gloria
416 2034 455 2089 rei
469 2035 594 2089 militaris
607 2037 766 2091 exstincta''
802 2039 958 2110 Postremo,

165 2116 249 2186 “quis
261 2116 315 2170 hoc
328 2116 380 2169 sibi
404 2116 590 2186 persuaderet,
608 2117 668 2174 sine
687 2126 763 2174 certa
779 2136 810 2174 re
826 2121 960 2178 Ambior-

165 2197 288 2266 igemod
306 2198 443 2266 ejusmodi
465 2199 611 2254 consilium
634 2201 833 2257 descendisse?
869 2204 960 2259 Suam

165 2279 331 2335 sententium
343 2279 372 2333 iu
390 2290 654 2352 utramquepartem
672 2301 733 2338 esse
751 2295 856 2340 tutam:
875 2285 899 2338 si
917 2288 960 2341 nil

164 2363 200 2417 sit
219 2363 323 2429 durius,
348 2364 423 2417 millo
441 2365 564 2433 periculo
585 2366 623 2418 ad
642 2367 796 2435 proximam
818 2368 961 2436 legionem

164 2458 359 2515 perventuros3
379 2446 404 2500 si
423 2447 515 2501 Gallia
533 2448 624 2501 omnis
641 2465 706 2502 cum
725 2450 873 2505 Germanis
890 2469 960 2507 cou-

164 2529 274 2598 scutiat,
291 2547 376 2584 unam
393 2546 457 2584 esse
479 2530 508 2584 in
525 2530 665 2585 celeritate
683 2532 803 2599 positam
829 2535 959 2593 salutem.

164 2611 256 2665 Cottae
268 2612 382 2681 quidem
393 2622 478 2681 utque
496 2627 601 2679 eorum,
620 2613 668 2682 qui
686 2613 870 2684 dissentirent,
890 2635 960 2674 con·

163 2692 256 2750 silium
265 2709 349 2765 quem
357 2694 473 2751 haberet
481 2693 603 2750 exitum?
627 2695 662 2748 ln
670 2697 822 2767 quosinon
831 2717 960 2770 praesens
