1928 3344
164 240 222 297 na
246 201 380 296 namo
407 239 589 312 carasca,
613 241 690 297 rra.
714 241 742 298 ν.
817 253 849 310 19

59 390 117 436 set:
144 399 201 436 non
229 381 311 437 facile
342 381 437 436 Gallos
469 383 556 437 Gallis
584 398 686 451 negare
716 382 848 451 potuisse,

59 465 212 532 praesertim
224 480 310 533 quum
322 463 357 517 de
369 464 558 534 recuperanda
570 463 711 517 communi
722 464 849 520 libertate

59 546 205 600 consilium
222 547 321 599 initum
338 546 484 600 videretur.
522 547 629 615 Quibus
647 547 780 615 quoniam
798 564 848 616 pro

57 629 162 697 pietate
180 629 350 696 satisfecerit,
362 630 467 683 habere
484 646 514 683 se
531 646 606 683 nunc
623 629 759 683 rationem
768 628 851 682 officii

56 727 108 779 pro
120 711 261 765 beneficiis
275 712 411 777 Caesaris;
430 727 550 778 monere,
565 726 643 765 orare
651 711 790 764 Titurium
798 727 849 779 pro

58 794 187 864 hospitio,
198 803 229 848 ut
253 811 312 848 suae
329 811 363 849 ac
380 794 499 848 militum
512 795 593 849 saluti
612 795 754 849 consulat:
771 811 848 863 mag-

56 895 123 932 nam
155 896 270 934 manum
295 880 496 933 Germanorum
525 877 692 932 conductam
718 878 848 931 Rhenum

58 963 190 1017 transisse
199 981 207 1028 ;
229 963 303 1016 hanc
324 963 410 1016 affore
427 962 520 1016 biduo.
559 964 687 1032 Ipsorum
704 978 767 1015 esse
783 978 847 1014 con-

56 1043 283 1112 siliumvelintne
291 1042 376 1111 prius,
385 1042 585 1112 quamfinitimi
595 1043 724 1110 sentiant,
733 1043 847 1096 eductos

56 1140 90 1179 ex
108 1125 232 1178 hibernis
250 1124 352 1178 milites
371 1133 419 1176 aut
436 1123 474 1177 ad
493 1123 656 1177 Ciceronem
674 1123 776 1177 autad
797 1125 847 1176 La·

55 1208 171 1261 bienum
194 1206 339 1274 deducere,
360 1222 478 1275 quorum
507 1206 576 1258 alter
599 1205 687 1258 millia
715 1222 849 1274 passuum

56 1290 166 1344 circiter
184 1288 393 1358 quinquaginta,
415 1288 484 1342 alter
504 1287 587 1356 paulo
605 1286 725 1356 ampliirs
744 1288 780 1341 ab
803 1288 848 1341 his

55 1372 138 1426 absit.
177 1370 250 1424 Illud
262 1387 293 1425 se
304 1370 428 1440 polliceri
441 1379 468 1423 et
482 1370 662 1440 jurejurando
676 1371 847 1439 confirmare,

55 1464 146 1509 tutum
153 1455 205 1508 iter
211 1454 335 1524 perfines
343 1470 408 1507 suos
418 1454 558 1518 daturum3
574 1454 648 1522 quod
661 1454 846 1522 quumfaciat,

55 1547 83 1592 et
96 1538 200 1591 civitati
213 1553 273 1591 sese
285 1537 436 1604 consulere,
455 1535 530 1605 quod
547 1535 670 1589 hibernis
688 1536 801 1604 levetur,
820 1546 847 1590 et

56 1621 161 1673 Caesari
185 1637 235 1689 pro
259 1619 318 1688 ejus
342 1618 448 1672 meritis
472 1618 590 1686 gratiam
613 1618 737 1673 referred
783 1620 847 1672 Hac

55 1702 180 1756 oratione
191 1701 296 1768 habita,
316 1698 435 1753 discedit
447 1699 599 1752 Ambiorix.

91 1784 228 1836 XXVIII.
248 1781 395 1850 Arpineius
407 1789 435 1834 et
446 1780 552 1848 Junius,
566 1796 629 1848 quae
646 1780 799 1851 audierunt,
810 1781 848 1834 ad

54 1867 161 1934 legatos
174 1863 307 1918 deferunt.
358 1862 411 1930 Illi,
423 1862 568 1930 repentina
579 1879 610 1915 re
622 1863 782 1932 perturbati,
795 1864 847 1917 etsi

55 1949 92 2002 ab
113 1947 194 2001 hoste
217 1963 251 2000 ea
274 1945 445 2012 dicebantur,
475 1960 532 1997 non
560 1953 654 1998 tamen
681 1944 847 2012 negligenda

55 2030 271 2084 existimabant:
289 2026 464 2096 maximeque
481 2028 535 2079 hac
556 2043 585 2080 re
606 2029 846 2095 permovebantur,

55 2112 139 2181 quod,
147 2112 287 2166 civitatem
295 2109 445 2178 ignobilem
455 2109 846 2177 atquehumilemEburonum

55 2202 108 2250 sua
119 2204 217 2265 sponte
236 2193 342 2262 Populo
361 2194 489 2245 Romano
507 2191 610 2244 bellum
630 2191 723 2246 facere
739 2207 847 2258 ausam,

55 2278 172 2332 vixerat
185 2275 360 2331 credendum.
399 2276 496 2342 ltaque
508 2273 546 2327 ad
564 2273 710 2326 consilium
727 2288 787 2326 rem
799 2273 846 2325 de·
918 2302 921 2307 >

58 2361 147 2414 lerunt
170 2375 327 2429 magnaque
351 2358 423 2411 inter
446 2372 494 2410 eos
518 2356 626 2410 exsistit
645 2354 843 2408 controversia

57 2443 157 2498 Lucius
170 2441 370 2496 Aurunculeius
383 2439 592 2508 compluresque
606 2436 709 2490 tribuni
727 2435 846 2488 militum

55 2534 84 2580 et
95 2525 246 2595 primorum
259 2523 386 2578 ordinum
393 2520 568 2576 centuriones
575 2519 644 2571 nihil
653 2527 756 2572 temere
763 2534 846 2585 agen·

56 2610 132 2676 dum,
145 2623 235 2676 neque
253 2624 286 2660 ex
303 2604 425 2659 hibernis
443 2603 550 2672 injussu
564 2600 683 2655 Caesaris
702 2600 846 2654 disceden-

55 2692 131 2757 dum,
160 2690 373 2744 existimabant:
398 2685 583 2755 “quantasvis
613 2701 730 2752 magnas
761 2683 847 2736 etiam

56 2772 151 2845 copias
178 2774 381 2827 Germanorum
402 2768 533 2822 sustineri
550 2784 642 2839 posse
656 2759 871 2820 mammertus-

433 2863 447 2896 Ε
456 2867 469 2898 Ι
