1928 3344
120 195 138 253 a
331 195 369 254 c.⁴
378 200 497 270 Jvrrr
517 199 703 255 cAEsArrs

119 336 260 392 bibebant
295 337 334 393 At
356 339 458 396 milites
478 340 595 409 legionis
614 340 749 411 septimae,
769 343 910 398 testudine

118 419 193 474 lacta
222 428 250 475 et
278 436 379 490 aggere
407 423 444 476 ad
473 423 640 478 munitiones
669 423 787 494 adjecto,
817 426 910 480 locum

119 514 250 573 ceperunt
261 519 365 575 eosque
376 521 410 560 ex
422 505 497 560 silvis
510 506 678 577 expulerunt,
685 506 782 575 paucis
791 507 910 562 vulneri-

117 587 170 640 bus
199 588 328 658 acceptis.
372 589 430 644 Sed
453 605 501 643 eos
524 588 659 658 fugientes
682 589 792 658 longibs
813 591 911 663 Cacsar

118 672 247 742 prosequi
258 672 353 740 vetuit,
365 680 393 726 et
405 671 480 742 qubd
491 672 546 726 loci
563 681 692 726 naturam
709 671 863 742 ignorabat,
881 682 910 728 et
944 709 945 713 =

117 753 200 823 qubd,
208 759 312 822 magna
319 762 398 823 parte
405 753 460 808 diei
469 760 641 823 consumpta,
651 753 798 808 munitioni
806 764 909 811 castro·

117 853 179 890 rum
191 845 300 904 tempus
312 835 428 906 relinqui
440 837 557 891 volebat
636 857 646 875 ⁸

152 919 187 972 X.
216 917 352 972 Postridie
375 918 435 987 ejus
459 918 515 974 diei
538 935 621 973 mane
645 918 782 988 tripartito
806 920 909 975 milites

117 1001 278 1071 equitesque
289 1000 318 1054 in
330 1000 533 1070 expeditionem
549 1002 633 1071 misit,
650 1010 682 1056 ut
692 1018 750 1071 eos,
768 1001 816 1073 qui
833 1002 909 1072 fuge·

116 1093 187 1153 rant,
196 1093 430 1154 persequerentur.
468 1085 522 1138 His
534 1084 706 1154 aliquantum
723 1085 829 1140 itineris
845 1103 908 1155 pro-

116 1166 228 1235 gressis,
253 1183 339 1237 quum
358 1166 420 1236 jam
442 1166 557 1221 extremi
581 1174 675 1221 essent
697 1166 727 1221 in
751 1177 908 1237 prospectu,

116 1249 222 1319 equites
234 1266 253 1303 a
266 1249 369 1318 Quinto
387 1249 466 1304 Atrio
484 1249 521 1304 ad
540 1250 680 1304 Caesarem
699 1260 841 1319 venerunt,
860 1249 908 1320 qui

116 1332 282 1400 nuntiarent,
303 1331 443 1402 superiore
461 1341 551 1402 nocte,
565 1333 687 1386 maximi
704 1338 800 1387 coorta
816 1342 907 1402 temp-

117 1424 211 1482 estate,
225 1415 311 1482 prope
331 1430 428 1467 omnes
446 1431 532 1469 naves
548 1414 668 1470 afflictas
686 1424 770 1485 atque
781 1415 811 1468 in
828 1414 907 1470 litore

116 1495 218 1564 ejectas
237 1512 311 1560 esse;
333 1495 408 1564 qubd
426 1512 516 1566 neque
546 1492 665 1551 ancorae'
687 1497 822 1568 funesque
843 1499 908 1552 sub·

116 1577 251 1646 sisterent,
275 1594 365 1648 neque
388 1588 481 1633 nautae
497 1579 750 1652 gubernatoresque
773 1581 831 1635 vim
848 1582 907 1650 pati

115 1660 286 1731 tempestatis
299 1669 428 1731 possent:
445 1661 538 1732 itaque
549 1677 584 1717 ex
594 1678 628 1718 eo
641 1679 777 1718 concursu
793 1663 907 1717 navium

114 1757 248 1812 magnum
260 1758 321 1797 esse
330 1742 539 1797 incommodum
550 1753 703 1814 acceptum

149 1826 200 1881 XI.
221 1826 275 1880 His
284 1827 366 1881 rebus
376 1826 602 1895 cognitis,Caesar
609 1827 732 1896 legiones
742 1827 906 1898 equitatum·

115 1923 169 1977 que
180 1909 303 1964 revocari
315 1918 398 1979 atque
416 1909 513 1963 itinere
532 1909 664 1964 desistere
678 1910 774 1980 jubet:
791 1910 851 1979 ipse
869 1910 907 1963 ad

115 2005 201 2044 naves
213 1990 372 2046 revertitur:
384 1991 483 2044 eadem
494 1990 559 2060 fere,
572 2008 635 2060 quae
646 2007 681 2046 ex
692 1993 796 2046 nuntiis
808 1991 906 2046 literis·

115 2087 169 2141 que
193 2081 368 2143 cognoverat,
392 2072 486 2127 coram
509 2074 648 2143 perspicit,
669 2074 710 2129 sic
733 2084 771 2143 ut,
795 2073 906 2129 amissis

115 2153 223 2209 circiter
242 2154 425 2225 quadraginta
443 2156 569 2226 navibus,
588 2157 702 2228 reliquae
719 2166 813 2212 tamen
830 2157 906 2211 refici

115 2252 198 2305 posse
209 2253 312 2305 magno
324 2237 435 2306 negotio
446 2237 612 2294 viderentur.
635 2240 735 2309 ltaque
747 2255 781 2293 ex
792 2238 905 2307 legioni-

115 2319 167 2374 bus
183 2321 277 2375 fabros
296 2320 401 2388 deligit,
424 2329 453 2375 et
470 2338 504 2376 ex
521 2321 673 2377 continenti
691 2322 761 2376 alios
779 2321 905 2377 arcessiri

113 2402 203 2469 jubet3
226 2401 349 2457 Labieno
367 2402 470 2472 scribit,
488 2412 527 2472 ut,
545 2403 630 2472 quam
650 2402 784 2472 plurimas
801 2412 905 2474 posset,

115 2485 149 2541 iis
161 2487 315 2556 legionibus
328 2502 391 2555 quae
409 2485 464 2539 sint
481 2486 557 2555 apud
575 2502 647 2555 eum,
666 2501 752 2541 naves
770 2485 904 2541 instituat.

115 2571 189 2638 Ipse,
202 2571 252 2624 etsi
270 2585 315 2623 res
333 2577 392 2623 erat
408 2569 504 2622 multae
521 2584 613 2636 operae
630 2585 664 2623 ac
681 2569 792 2639 laboris,
810 2578 906 2625 tamen

115 2651 369 2706 commodissimum
381 2667 443 2706 esse
459 2650 564 2719 statuit,
575 2667 672 2707 omnes
689 2669 776 2708 naves
789 2651 905 2708 subduci

115 2742 142 2788 et
166 2748 229 2787 curn
253 2731 351 2786 castris
374 2737 431 2785 una
453 2731 606 2788 munitione
629 2732 767 2804 conjungi.
805 2735 838 2789 In
861 2731 903 2789 nir

83 2992 133 3136 'l

183 3210 691 3236 W.
