1928 3344
187 230 248 283 DE
268 229 404 285 narro
430 227 612 297 caruca,
635 228 712 282 rra.
738 227 765 281 V.
838 235 870 294 ις
915 221 917 225 ·

83 369 187 438 origem
199 354 370 437 accessisset,
380 369 473 438 jussus
482 385 561 422 arma
571 369 698 437 abjicere,
708 367 874 437 imperatum

82 452 156 521 facit,
175 454 295 522 suisque,
313 460 344 505 ut
361 452 436 506 idem
455 452 567 520 faciant,
587 451 711 521 imperat
750 450 874 517 Interim,

83 535 149 588 dum
174 536 209 588 de
234 534 437 588 conditionibus
459 535 530 588 inter
549 551 579 587 se
600 542 695 602 agunt,
713 533 875 601 longiorque

82 616 208 670 consultb
229 618 266 670 ab
278 616 438 684 Ambiorige
456 616 607 670 instituitur
628 632 726 682 sermo,
740 614 874 683 paulatim

82 699 284 753 circumventus
314 698 480 753 interficitur.
517 700 592 751 Tum
621 695 687 752 verb
718 715 768 751 suo
797 713 874 750 more

81 780 226 834 victoriam
244 782 422 835 conclamant
445 789 527 850 atque
544 779 679 833 ululatum
703 780 810 848 tollunt,
822 780 872 833 im·

81 871 201 933 petuque
226 864 254 917 in
279 873 389 917 nostros
402 863 484 932 sacto,
498 863 608 916 ordines
621 862 791 932 perturbant
830 863 873 917 lbi

83 944 184 998 Lucius
210 946 294 1000 Cotta
317 963 446 1015 pugnans
478 945 640 999 interficitur
664 962 728 999 cum
751 946 874 998 maxima

82 1037 160 1097 parte
172 1028 299 1096 militum,
312 1029 409 1098 reliqui
423 1045 453 1081 se
472 1028 500 1081 in
520 1037 611 1082 castra
631 1028 776 1097 recipiunt,
798 1027 873 1082 unde

82 1117 161 1164 erant
173 1111 295 1178 egressi:
313 1128 346 1164 ex
365 1111 465 1180 quibus
484 1111 586 1164 Lucius
604 1111 774 1164 Petrosidius
787 1111 874 1179 aquil·

82 1192 141 1259 iser,
154 1209 240 1261 quum
251 1199 355 1261 magna
367 1192 542 1246 multitudine
558 1193 681 1246 hostium
697 1202 874 1261 premeretur,

83 1273 206 1341 aquilam
223 1274 296 1328 intra
308 1275 412 1327 vallum
424 1274 547 1343 projecit,
560 1274 620 1343 ipse
636 1291 686 1343 pro
699 1274 797 1327 castris
809 1275 874 1328 fort·

83 1356 178 1410 issima
202 1373 330 1427 pugnans
351 1357 492 1412 occiditur.
537 1357 581 1410 Illi
605 1372 679 1425 aegre
703 1356 740 1410 ad
763 1365 875 1411 noctem

83 1440 319 1510 oppugnationem
338 1440 495 1495 sustinent:
512 1448 596 1494 noctu
608 1440 645 1493 ad
665 1457 752 1493 unum
769 1455 874 1506 omnes,

84 1520 229 1589 desperata
256 1521 353 1589 salute,
378 1538 407 1575 se
430 1522 484 1591 Ipsi
514 1521 687 1576 interficiunt.
726 1522 810 1577 Pauci
841 1539 874 1576 ex

83 1603 181 1671 proelio
194 1603 292 1672 elapsi,
304 1603 415 1658 incertis
427 1604 570 1658 itineribus
579 1620 629 1673 per
640 1605 724 1658 silvas
734 1604 769 1657 ad
779 1605 875 1658 Titum

85 1685 239 1738 Labienum
247 1686 369 1753 legatum
378 1685 407 1738 in
419 1686 535 1740 hiberna
546 1687 709 1755 perveniunt
718 1696 801 1756 atque
811 1702 875 1740 eum

84 1765 120 1820 de
132 1767 214 1820 rebus
222 1768 307 1834 gestis
321 1767 465 1821 certiorem
476 1768 588 1822 iaciunt.

119 1851 286 1905 XXXVIII.
316 1853 380 1904 Hac
410 1851 525 1905 victoria
561 1852 686 1906 sublatus
722 1851 874 1921 Ambiorix,

85 1931 180 1986 statim
198 1948 262 1985 cum
282 1933 405 2001 equitatu
428 1933 455 1986 in
468 1934 638 2004 AduatucoS,
652 1932 698 2002 qui
717 1942 796 1987 erant
816 1933 876 2003 ejus

84 2031 169 2083 regno
198 2015 316 2084 finitimi,
346 2016 529 2084 proficiscitur
536 2036 544 2082 ;
572 2031 663 2086 neque
693 2025 805 2071 noctem
828 2032 876 2070 ne-

85 2113 139 2166 que
169 2097 244 2150 diem
272 2097 436 2165 intermittit,
460 2099 669 2169 peditatumque
694 2116 724 2153 se
745 2098 876 2168 subsequi

84 2180 170 2251 jubet
223 2180 265 2233 Re
295 2181 485 2235 demonstrata
514 2181 723 2252 Aduatucisque
755 2182 876 2236 concita·

86 2265 129 2332 tis,
158 2272 269 2331 postero
296 2263 342 2318 die
372 2265 401 2317 in
434 2266 553 2319 Nervios
577 2266 710 2336 pervenit,
740 2267 876 2319 hortatur·

87 2361 147 2415 que,
170 2347 232 2400 “ne
256 2346 298 2399 sui
320 2347 348 2399 in
373 2356 538 2417 perpetuum
554 2348 692 2402 liberandi
719 2356 803 2415 atque
820 2348 877 2400 ulc-

86 2427 192 2481 iscendi
239 2430 391 2499 Romanos,
429 2447 479 2499 pro
515 2431 558 2497 ils,
595 2446 665 2498 quas
710 2429 877 2498 acceperint,

87 2509 200 2579 injuriis,
233 2512 409 2565 occasionem
439 2512 600 2566 dimittant:
627 2510 786 2565 interlectos
816 2528 878 2567 esse

87 2593 194 2660 legatos
215 2593 270 2648 duo
294 2611 482 2664 magnamque
508 2604 616 2664 partem
640 2594 775 2649 exercitus
796 2595 877 2649 inter·

87 2677 164 2731 lsse''
202 2677 393 2744 demonstrat;
426 2680 521 2732 “nihil
551 2694 613 2733 esse
643 2679 755 2749 negotii,
787 2680 878 2734 subitb

87 2777 250 2830 oppressam
274 2762 420 2831 legionem,
445 2777 592 2832 quaecum
615 2761 752 2816 Cicerone
766 2762 893 2818 blane,
