1928 3344
157 192 189 246 28
366 195 395 248 c.
416 194 532 264 Jurrr
553 195 738 253 CAEsArrs

154 331 286 386 undecim
294 332 516 403 etfossapedum
526 334 686 404 quindecim
695 336 813 391 hiberna
823 338 949 407 clngunt.

156 416 227 469 Haec
240 424 267 469 et
280 417 451 485 superiorum
463 434 600 471 annorum
608 419 807 474 consuetudIne
819 421 949 477 anostris

155 508 348 567 cognoverant,
362 509 398 569 et,
406 501 543 569 quosdam
550 500 585 554 de
595 502 715 556 exercitu
727 504 802 556 nacti
812 503 948 573 captivos,

154 582 246 634 abhis
260 582 448 638 docebantur:
461 585 519 651 sed,
529 585 606 637 nulla
615 584 843 640 ferramentorum
856 588 948 656 copia,

154 674 293 732 quaesunt
306 666 342 718 ad
362 666 436 719 hunc
457 683 539 720 usum
560 667 668 736 idonea,
681 668 781 736 gladiis
803 669 947 738 caespitem

154 747 358 815 circumcidere,
371 748 501 802 manibus
510 750 667 819 sagulisque
679 759 782 804 terram
794 752 947 822 exhaurire,

155 831 330 896 cogebantur.
369 832 432 899 Qua
443 832 556 901 quidem
565 851 598 886 ex
607 849 637 886 re
645 832 948 888 hominummultitudo

155 913 285 980 cognosci
302 914 407 982 potuit:
425 931 491 967 nam
512 914 604 968 minirs
622 915 698 969 horis
719 916 807 969 tribus
827 916 947 972 millium

155 994 253 1048 decem
265 995 416 1049 incircuitu
424 997 606 1051 munitionem
613 996 788 1066 perfecerunt
801 1015 807 1053 :
820 998 947 1068 reliquis·

154 1092 209 1145 que
231 1077 328 1131 diebus
341 1087 429 1132 turres
448 1078 485 1132 ad
502 1080 678 1133 altitudinem
690 1081 762 1149 valli,
775 1081 860 1135 falces
879 1090 947 1136 test·

155 1158 315 1230 udinesque,
329 1178 398 1230 quas
416 1161 502 1216 iidem
519 1163 621 1231 captivi
631 1163 790 1232 docuerant,
802 1181 901 1234 parare
911 1181 946 1220 ac

154 1241 245 1296 facere
258 1254 409 1315 coeperunt

189 1325 297 1379 XLIII.
325 1326 450 1397 Septimo
484 1326 698 1396 oppugnationis
733 1328 786 1398 die,
822 1328 946 1384 mammo

155 1415 250 1460 coorto
274 1418 365 1475 vento,
390 1408 528 1462 ferventes
552 1409 626 1462 fusili
651 1426 685 1464 ex
712 1411 808 1480 argilla
827 1411 945 1479 glandes

154 1488 247 1541 fundIs
272 1497 298 1542 et
322 1489 471 1543 fervefacta
491 1490 587 1558 jacula
609 1493 639 1544 in
663 1509 754 1562 casas,
779 1509 842 1563 quae
866 1510 946 1550 more

156 1570 263 1623 Gallico
271 1571 429 1626 stramentis
437 1582 516 1626 erant
525 1581 615 1641 tectae,
619 1575 713 1643 jacere
722 1583 872 1644 coeperunt.
888 1577 945 1630 Hae

155 1653 279 1708 celeriter
299 1654 392 1722 Ignem
412 1656 681 1724 comprehenderunt
702 1666 731 1712 et
750 1657 827 1711 venti
846 1674 944 1726 magn-

154 1736 260 1791 itudine
283 1736 312 1790 in
337 1754 449 1792 omnem
474 1748 628 1792 castrorum
652 1738 746 1793 locum
769 1739 943 1794 distulerunt

155 1820 268 1888 Hostes,
281 1821 402 1874 maximo
415 1821 536 1875 clamore
548 1821 694 1890 insequuti,
705 1821 784 1891 quasi
794 1828 874 1892 parta
882 1822 944 1892 jam

154 1911 237 1972 atque
250 1904 391 1972 explorata
403 1904 527 1970 victoria,
540 1912 629 1958 turres
641 1904 848 1973 testudinesque
860 1920 944 1973 agere

154 1996 181 2040 et
205 1988 287 2041 scalis
311 1989 414 2041 vallum
437 1988 588 2043 ascendere
613 1998 764 2058 coeperunt.
800 1990 839 2043 At
863 1998 944 2045 tanta

153 2069 272 2122 militum
293 2068 379 2121 virtus
399 2077 483 2138 atque
503 2085 537 2123 ea
558 2070 707 2138 praesentia
726 2069 812 2123 animi
832 2070 889 2138 fuit,
902 2080 942 2141 ut,

153 2167 240 2220 quum
269 2151 391 2219 undique
421 2151 535 2205 flamma
564 2161 739 2220 torrerentur,
764 2153 943 2222 maxImaque

153 2234 270 2287 telorum
294 2233 470 2288 multitudine
490 2244 687 2304 premerentur,
713 2250 818 2303 suaque
848 2235 943 2289 omnia

152 2316 352 2387 Impedimenta
376 2326 459 2387 atque
489 2335 586 2373 omues
616 2318 740 2372 fortunas
771 2318 943 2386 conflagrare

152 2400 345 2470 intelligerent,
358 2417 414 2453 non
432 2401 516 2454 modo
536 2401 710 2470 demigrandi
724 2405 809 2453 causa
822 2400 857 2453 de
869 2401 942 2454 vallo

152 2484 300 2539 decederet
318 2501 409 2552 nemo,
430 2485 480 2538 sed
499 2500 580 2553 paene
599 2500 635 2538 ne
655 2483 804 2553 respiceret
829 2483 943 2552 quidem

152 2568 301 2637 quisquam
311 2586 318 2633 ;
337 2584 371 2620 ac
392 2575 452 2620 tum
470 2583 568 2621 omnes
586 2565 944 2634 acerrime.fortissimeque

151 2658 311 2719 pugnarent.
351 2649 407 2702 Hic
431 2648 490 2702 dies
519 2647 622 2701 nostris
651 2646 733 2715 longe
762 2647 943 2716 gravissimus

152 2733 219 2796 Iuit;
241 2732 291 2786 sed
313 2741 407 2784 tamen
424 2732 498 2784 hunc
520 2730 618 2785 habuit
638 2738 776 2797 eventum,
790 2740 820 2784 ut
841 2747 875 2784 eo
896 2729 943 2784 die
