1928 3344
111 240 140 291 ¹4
317 225 345 278 C.
365 225 482 296 JULJI
501 225 685 280 CAESARIS

107 364 250 432 regionum
258 363 424 419 civitas-ex
434 370 490 435 qua
500 365 713 419 Mandubratius
723 365 894 435 adolescens,

108 446 227 500 Caesaris
248 445 331 501 fidem
356 456 495 516 sequutus,
516 447 636 501 adeum
660 448 689 500 in
706 447 895 502 continentem

108 528 229 582 Galliam
248 539 377 594 venerat;
398 530 476 599 cujus
500 538 577 599 pater
597 530 786 584 Imanuentius
810 530 839 583 in
860 537 896 584 ea

107 611 217 665 civitate
240 628 356 681 regnum
380 612 544 680 obtinuerat,
562 612 775 682 interfectusque
797 622 856 666 erat
877 613 902 666 a¹

108 694 312 764 Cassivelauno,
330 695 390 764 ipse
404 695 471 763 fuga
487 705 605 749 mortem
620 695 894 764 vitaverat-legatos

107 778 144 830 ad
157 777 297 831 Caesarem
314 777 434 846 mittunt,
452 777 676 848 pollicenturque,
696 793 757 832 sese
775 777 801 831 ei
818 778 893 832 dedi·

106 867 182 912 turos
191 867 274 927 atque
283 859 418 927 imperata
424 859 559 914 facturos:
571 869 675 930 petunt,
684 870 714 914 ut
724 859 895 913 Mandubra-

106 940 176 993 tium
200 940 237 992 ab
257 940 356 1009 injuria
380 941 570 996 Cassivelauni
596 941 734 1011 defendat,
758 950 842 1010 atque
865 942 895 994 in

107 1021 248 1075 civitatem
256 1022 356 1091 mittat,
369 1023 416 1093 qui
434 1024 528 1092 praesit
545 1024 746 1093 imperiumque
763 1023 893 1077 obtineat

109 1103 163 1156 His
184 1103 280 1159 Caesar
304 1105 422 1174 imperat
443 1105 554 1159 obsides
577 1105 762 1174 quadraginta
774 1105 894 1159 frumen-

108 1193 223 1256 tumque
239 1187 377 1256 exercitui,
391 1187 675 1256 Mandubratiumque
692 1188 730 1241 ad
742 1203 789 1241 eos
802 1186 894 1241 mittit

109 1267 154 1322 llli
166 1269 301 1340 imperata
312 1269 436 1324 celeriter
446 1269 576 1337 fecerunt,
587 1269 699 1323 obsides
707 1268 896 1323 adnumerum

108 1354 300 1420 frumentaque
310 1351 452 1405 miserunt.

143 1435 221 1487 XXI.
253 1432 470 1485 Trinobantibus
501 1431 621 1486 defensis
645 1441 729 1501 atque
753 1433 790 1485 ab
819 1432 896 1485 omni

108 1515 226 1570 militum
244 1513 343 1583 injuria
361 1512 515 1582 prohibitis,
538 1513 710 1583 Cenimagni,
729 1514 896 1583 Segontiaci,

107 1597 258 1664 Ancalites,
275 1595 394 1663 Bibroci,
414 1594 502 1663 Cassi,
522 1595 707 1664 legationibus
724 1596 818 1651 missis
835 1613 897 1651 sese

110 1678 214 1734 Caesari
226 1679 338 1734 dedunt
373 1679 418 1732 Ab
429 1677 473 1732 his
485 1679 635 1747 cognoscit,
647 1696 704 1733 non
716 1678 798 1748 longe
816 1695 850 1733 ex
863 1695 897 1733 eo

108 1763 170 1816 loco
190 1762 322 1831 oppidum
347 1760 537 1816 Cassivelauni
563 1761 670 1830 abesse,
694 1761 770 1815 silvis
790 1761 897 1830 paludi·

108 1845 215 1915 busque
227 1844 371 1912 munitum,
381 1843 435 1912 qud
445 1843 513 1898 satis
522 1860 639 1912 magnus
648 1843 793 1896 hominum
802 1859 898 1912 pecor-

109 1928 188 1997 isque
205 1941 336 1980 numerus
354 1925 519 1980 convenerit
558 1926 711 1996 (Oppidum
728 1934 822 1980 autem
839 1926 898 1979 Bri·

109 2009 187 2064 tanni
208 2015 318 2074 vocant,
342 2021 427 2075 quum
448 2007 532 2061 silvas
557 2008 704 2077 impeditas
721 2009 794 2063 vallo
816 2017 899 2077 atque

109 2091 186 2145 fossssa
201 2087 367 2153 munierunt,
383 2085 438 2156 qud
454 2087 619 2143 incursionis
635 2090 757 2144 hostium
776 2089 899 2144 vitandae

111 2177 195 2227 causa
207 2169 353 2225 convenire
365 2169 550 2242 consuerunt)
588 2171 631 2226 Εὸ
642 2172 824 2242 proficiscitur
835 2189 899 2226 cum

110 2252 279 2321 legionibus:
291 2253 384 2313 locum
395 2254 496 2322 reperit
504 2255 613 2323 egregie
621 2260 721 2308 natura
727 2262 810 2323 atque
817 2270 900 2324 opere

110 2334 248 2388 munitum
254 2352 263 2399 ;
277 2343 371 2388 tamen
384 2335 458 2389 hunc
476 2336 584 2390 duabus
596 2353 630 2390 ex
640 2335 763 2403 partibus
776 2351 899 2404 oppugn-

111 2434 158 2472 are
180 2416 330 2471 contendit.
379 2417 491 2485 Hostes,
504 2418 644 2486 paulisper
655 2414 763 2481 morati,
781 2416 900 2471 militum

111 2510 267 2555 nostrorum
285 2500 419 2569 impetum
437 2517 494 2554 non
511 2499 639 2566 tulerunt,
658 2512 773 2566 seseque
793 2499 848 2552 aliz‘t
866 2515 900 2553 ex

113 2593 189 2655 parte
202 2583 297 2651 oppidi
309 2584 454 2653 ejecerunt.
491 2582 615 2649 Magnus
632 2579 670 2635 ibi
688 2595 818 2634 numerus
835 2597 898 2649 pec·

111 2668 167 2720 oris
185 2673 317 2734 repertus,
334 2664 468 2734 multique
493 2663 523 2716 in
539 2662 606 2732 fligi
624 2671 688 2718 sunt
706 2661 898 2734 comprehensi

113 2757 196 2818 atque
207 2746 349 2803 interiecti.
