1928 3344
144 234 178 284 24
351 214 381 269 e.
399 213 517 284 Juzrr
538 215 725 269 ersmers

141 365 195 421 ent,
219 369 271 406 nec
304 352 398 406 virtuti
422 353 500 407 locus
530 355 744 424 relinquebatur,
776 371 866 424 neque
897 358 936 410 ab

139 442 220 492 tanta
248 435 425 491 multitudine
456 439 584 509 conjecta
614 440 670 494 tela
700 440 815 494 conferti
846 442 936 496 vitare

140 528 275 590 poterant.
312 522 423 575 Tamen
440 529 482 576 tot
491 522 676 577 incommodis
687 522 846 590 conflictati,
855 524 936 576 vuln-

140 603 231 658 eribus
253 604 385 672 acceptis,
408 603 583 673 resistebant,
606 613 633 658 et
654 611 758 672 magna
778 615 858 673 parte
878 605 935 659 diei

140 693 427 756 consumpta-quum
440 703 458 740 a
468 688 559 756 prima
570 687 631 741 luce
644 689 680 741 ad
692 688 791 741 horam
804 698 935 743 octavam

139 769 422 839 pugnaretur-nihil,
436 768 512 838 quod
524 769 592 838 ipsis
605 779 678 823 esset
690 769 845 838 indignum,
857 788 934 824 corn·

140 853 296 906 mittebant.
333 853 409 904 Tum
438 851 504 905 Tito
535 853 689 921 Balventio,
720 853 767 922 qui
793 854 934 921 superiore

139 952 214 988 anno
233 934 354 1003 primum
373 933 461 1002 pilum
479 933 603 1002 duxerat,
622 935 681 988 viro
701 935 764 989 sorti
782 945 810 989 et
821 953 934 1004 magnae

139 1017 321 1086 auctoritatis,
345 1026 493 1087 utrumque
513 1017 603 1071 femur
627 1019 736 1086 tragula
756 1019 933 1086 transjicitur.

56 1166 59 1170 Α
141 1101 260 1171 Quintus
293 1100 441 1170 Lucanius,
478 1100 603 1169 ejusdem
635 1100 748 1168 ordinis,
784 1100 935 1156 fortissime

139 1200 276 1256 pugnans,
302 1184 371 1238 dum
395 1183 584 1237 circumvento
608 1182 664 1235 filio
689 1182 826 1251 subvenit,
850 1183 934 1237 inter-

139 1267 248 1323 ficitur:
279 1266 381 1321 Lucius
413 1266 504 1333 Cotta,
534 1265 651 1333 legatus,
677 1280 775 1318 omnes
805 1265 935 1320 cohortes

140 1350 306 1419 ordinesque
324 1348 486 1415 adhortans,
498 1346 528 1399 in
539 1345 689 1400 adversum
707 1363 739 1400 os
757 1346 844 1400 sunda
856 1347 934 1400 vuln-

140 1440 240 1485 eratur.

175 1513 309 1566 XXXVI.
330 1511 385 1564 His
397 1511 481 1564 rebus
498 1519 641 1580 permotus
661 1512 781 1580 Quintus
800 1512 934 1581 Titurius,

141 1614 225 1668 quum
249 1597 345 1666 procul
358 1595 548 1663 Ambiorigem
567 1612 632 1648 suos
654 1597 846 1650 cohortantem
868 1613 935 1650 con-

140 1680 284 1750 spexisset,
304 1679 483 1748 interpretem
507 1694 596 1745 suum,
620 1679 738 1732 Cneium
759 1679 934 1748 Pompeium,

140 1763 177 1817 ad
190 1780 254 1817 eum
265 1761 358 1830 mittit,
370 1769 506 1830 rogatum,
519 1769 549 1814 ut
562 1761 615 1814 sibi
627 1762 816 1830 militibusque
827 1777 934 1830 parcat.

142 1847 192 1900 Ille
205 1845 359 1916 appellatus
377 1843 539 1913 respondit:
557 1843 606 1897 “si
618 1843 684 1898 velit
697 1859 792 1897 secum
805 1845 935 1913 colloqui,

140 1931 221 1983 licere
234 1947 241 1994 3
259 1943 377 1996 sperare,
391 1942 408 1978 a
421 1925 596 1979 multitudine
606 1927 746 1995 impetrari
758 1943 849 1996 posse,
858 1931 935 1994 quod

141 2011 177 2064 ad
191 2010 310 2063 militum
323 2008 440 2061 salutern
458 2008 612 2076 pertineat3
634 2009 687 2078 ipsi
699 2009 765 2064 verb
777 2009 845 2061 nibil
858 2010 934 2063 noci-

141 2103 200 2147 tum
213 2092 254 2158 iri,
268 2091 351 2159 inque
363 2105 427 2143 eam
440 2107 499 2144 rem
511 2107 542 2144 se
552 2108 632 2144 suam
640 2092 725 2144 fidem
737 2092 936 2159 interponere.''

143 2176 194 2229 Ille
207 2191 272 2229 cum
295 2173 381 2228 Cotta
399 2173 494 2228 saucio
513 2173 709 2240 communicat,
728 2173 779 2224 “si
798 2173 935 2244 videatur,

141 2263 235 2326 pugna
255 2265 284 2310 ut
307 2256 493 2311 excedantet
521 2273 585 2310 cum
602 2253 765 2322 Ambiorige
792 2254 848 2306 una
879 2259 935 2310 col-

141 2341 306 2409 loquantur;
328 2354 448 2408 sperare,
461 2339 497 2392 ab
510 2355 544 2393 eo
555 2340 592 2393 de
604 2343 656 2390 sua
667 2352 701 2390 ac
713 2335 834 2391 militum
847 2339 936 2396 salute

142 2423 289 2492 impetrare
309 2422 417 2492 posse.'’
454 2422 538 2475 Cotta
558 2436 589 2474 se
610 2420 647 2472 ad
667 2427 806 2475 armatum
825 2422 936 2477 hostem

142 2504 244 2560 iturum
257 2514 341 2574 negat
354 2513 438 2573 atque
451 2504 526 2557 ineo
539 2501 670 2556 constitit

177 2588 327 2641 XXXVII.
348 2586 477 2652 Sabinus,
497 2600 568 2654 quos
588 2583 618 2636 in
639 2587 789 2652 praesentia
809 2588 936 2644 tribunos

142 2669 261 2724 militum
273 2669 378 2723 circum
391 2685 422 2722 se
441 2667 563 2721 habebat
586 2675 614 2721 et
636 2667 788 2736 primorum
807 2672 935 2726 ordinum

144 2752 327 2820 centuriones,
340 2749 461 2820 sesequi
471 2749 558 2820 jubet,
571 2758 607 2820 et,
617 2766 703 2821 quum
715 2755 829 2824 propius
838 2755 934 2807 Ambi-

83 2936 173 3148 Ἃ

199 3199 679 3240 Q—...ae
