1928 3344
134 119 169 188 38
345 118 375 174 c.
394 116 511 190 Jurrr
533 116 717 171 cAEsnnrs

133 256 247 312 affectus
277 265 398 312 necatur.
448 257 482 310 In
505 271 539 310 eo
563 256 680 310 concilio
711 255 930 329 Cingetorigem,

133 339 245 394 alterius
256 339 410 409 principem
421 338 559 407 factionis,
576 355 709 408 generum
726 356 930 410 suum-quem

134 417 218 492 supra
229 422 479 477 demonstravimus
493 422 612 475 Caesaris
626 430 772 491 sequutum
783 420 878 492 iidem,
890 424 929 478 ab

133 520 167 560 eo
184 521 240 558 non
258 504 573 573 discessisse-hostem
588 504 702 572 judicat,
719 504 850 572 bonaque
867 505 928 573 ejus

133 587 263 657 publicat.
286 588 340 640 His
350 588 431 641 rebus
441 586 583 654 confectis,
593 587 621 638 in
631 586 748 639 concilio
757 587 927 656 pronuntiat,

133 669 296 723 arcessitum
314 684 344 723 se
361 685 379 722 a
397 668 553 724 Senonibus
574 677 602 721 et
622 668 788 722 Carnutibus
809 668 928 738 aliisque

134 750 321 819 compluribus
341 751 440 804 Galliae
457 750 623 819 cIvitatibus,
643 752 697 805 huc
719 750 771 805 iter
788 751 928 806 facturum

134 849 184 901 per
195 832 264 886 fines
281 834 438 900 Remorum,
457 848 606 902 eorumque
624 850 705 902 agros
722 834 927 903 populaturum,

135 931 167 969 ac
182 914 265 984 prius,
284 913 368 984 quam
386 914 415 968 id
432 914 524 984 saciat,
544 915 659 969 Labieni
680 925 771 969 castra
783 931 927 986 oppugna·

134 1006 225 1053 turum
237 1016 244 1053 ε
261 1014 324 1069 quae
336 997 395 1052 fieri
406 997 480 1066 velit,
492 998 625 1067 praecipit.

170 1082 259 1136 LVII.
279 1080 426 1151 Labienus,
447 1095 533 1150 quum
550 1090 578 1136 et
596 1080 651 1135 loci
670 1085 771 1134 naturai
790 1089 818 1134 et
839 1097 927 1136 manu

132 1163 324 1218 munitissimis
337 1163 435 1218 castris
447 1179 509 1217 sese
521 1172 633 1230 teneret,
648 1161 683 1216 de
695 1178 746 1216 suo
757 1178 792 1216 ac
807 1162 927 1231 legionis

133 1246 254 1315 periculo
274 1246 343 1299 nihil
365 1245 482 1300 timebat
493 1263 502 1310 ς
527 1261 668 1315 nequam
689 1244 866 1299 occasionem
886 1246 927 1301 rei

133 1328 205 1381 bene
216 1329 345 1396 gerendae
357 1327 516 1396 dimitteret,
528 1327 676 1395 cogitabat.
715 1328 813 1395 Itaque
825 1343 844 1380 a
859 1327 927 1382 Cin·

133 1409 256 1479 getorige
268 1418 351 1478 atque
363 1410 422 1479 ejus
430 1408 592 1478 propinquis
604 1410 728 1464 oratione
742 1408 928 1465 Indutiomari

134 1491 252 1559 cognita,
265 1507 349 1560 quam
365 1492 394 1545 in
413 1491 531 1545 concilio
548 1491 690 1559 habuerat,
709 1492 820 1546 nuntios
840 1492 928 1548 mittit

133 1573 170 1626 ad
188 1573 319 1626 finitImas
338 1574 470 1642 civitates,
489 1573 649 1643 equitesque
665 1574 786 1644 undique
807 1585 927 1632 evocat:

134 1655 167 1709 iis
180 1665 285 1710 certum
301 1656 375 1710 diem
393 1656 575 1711 conveniendi
593 1655 667 1709 dicit.
706 1657 819 1711 Interim
836 1659 927 1730 prope

133 1738 256 1807 quotidie
265 1755 329 1792 cum
338 1739 413 1791 omni
421 1738 544 1807 equitatu
553 1738 757 1792 Indutiomarus
766 1739 817 1792 sub
825 1742 925 1796 castris

133 1819 191 1888 ejus
199 1819 434 1889 vagabatur,alias
443 1829 473 1874 ut
482 1820 566 1873 situm
574 1829 727 1874 castrorum
737 1834 927 1894 cognosceret,

133 1901 202 1954 alias
216 1900 391 1971 colloquendi
404 1910 451 1954 aut
468 1902 612 1956 territandi
624 1909 728 1957 causa:
746 1903 854 1973 equites
865 1905 925 1974 ple·

133 1999 249 2053 rumque
278 1998 376 2037 omnes
405 1983 461 2036 tela
494 1984 567 2038 intra
595 1985 700 2039 vallum
730 1985 925 2056 conjiciebant.

135 2066 272 2119 Labienus
291 2082 356 2119 suos
381 2065 454 2118 intra
474 2065 641 2119 munitiones
667 2067 835 2136 continebat,
861 2067 926 2123 tim·

134 2148 243 2217 orisque
267 2147 433 2218 opinionem,
461 2147 680 2218 quibuscumque
702 2159 809 2219 poterat
832 2153 926 2223 rebus,

133 2231 259 2300 augebat.

170 2315 274 2369 LVIII.
295 2313 388 2383 Quum
395 2312 609 2384 majoreindies
619 2320 824 2383 contemptione
839 2315 925 2370 Indu·

133 2398 266 2452 tiomarus
277 2397 315 2450 ad
327 2406 418 2451 castra
429 2397 582 2465 accederet,
591 2404 674 2450 nocte
684 2401 748 2466 nna,
758 2396 925 2452 intromissis

133 2480 270 2548 equitibus
284 2480 408 2534 omnium
420 2479 600 2534 finitimarum
612 2477 762 2549 civitatum,
775 2496 846 2550 quos
864 2497 925 2536 arc-

133 2561 266 2617 essendos
291 2570 441 2632 curaverat,
461 2567 541 2616 tanta
564 2560 709 2629 diligentia
734 2578 831 2618 omnes
859 2579 926 2619 suos

133 2643 266 2708 custodiis
278 2643 350 2698 intra
362 2654 453 2703 castra
470 2642 613 2712 continuit,
624 2652 656 2697 ut
672 2643 749 2697 nulla
766 2647 873 2704 ratione
890 2662 924 2702 ea

84 2912 156 3064 ἱ
175 2994 181 3003 ,

176 3121 646 3157 -ι--έ--’“·
