1928 3344
127 145 161 203 32
339 130 369 187 c.
388 130 503 202 Jum
525 129 711 186 casamo

161 272 296 327 XLVIII.
342 271 445 340 Caesar,
475 270 590 324 consilio
620 272 679 339 ejus
708 271 835 340 probato,
867 275 923 328 etsi

126 355 256 425 opinione
278 354 361 409 trium
372 355 512 422 legionum
525 353 648 422 dejectus
660 353 697 408 ad
709 354 779 408 duas
791 353 922 424 redierat,

126 447 221 492 tamen
232 454 319 491 unum
328 436 484 491 communis
494 436 590 490 salutis
600 436 731 490 auxilium
741 438 769 490 in
779 437 921 492 celeritate

126 522 255 590 ponebat.
291 520 376 574 Venit
399 519 509 588 magnis
533 518 676 574 itineribus
700 520 729 572 in
752 520 920 576 Nerviorum

125 604 202 659 fines.
240 604 284 658 Ibi
302 619 336 657 ex
354 602 470 672 captivis
489 603 640 670 cognoscit,
652 619 714 671 quae
731 602 807 670 apud
826 603 920 658 Cicer·

107 681 108 685 ¹
125 703 209 740 onem
221 694 359 755 gerantur,
367 693 525 754 quantoque
537 684 566 737 in
578 683 698 753 periculo
708 701 752 738 res
765 685 807 738 sit.
844 687 920 740 Tum

126 769 237 823 cuidam
257 786 290 823 ex
309 768 447 837 equitibus
469 766 557 821 'Gallis
581 767 690 835 magnis
714 767 835 835 praemiis
857 785 920 837 per-

126 851 233 919 suadet,
244 850 285 904 uti
297 851 334 903 ad
348 850 510 904 Ciceronem
522 851 668 920 epistolam
684 850 796 905 deserat.
834 852 920 906 Hanc

127 934 233 989 Graecis
260 933 445 1003 conscriptam
470 933 556 986 literis
580 933 673 999 mittit,
697 949 741 1000 ne,
765 933 920 1002 intercepta

125 1017 252 1086 epistola,
264 1027 360 1070 nostra
375 1016 412 1069 ab
428 1016 555 1071 hostibus
573 1015 689 1070 consilia
707 1025 919 1084 cognoscantur.

127 1099 158 1154 Si
167 1099 244 1154 adire
253 1116 310 1153 non
319 1099 564 1168 possit,monet,ut
573 1099 711 1166 tragulam
719 1115 784 1152 cum
793 1099 921 1170 epistola,

126 1181 163 1236 ad
182 1190 325 1236 amentum
345 1181 474 1250 deligati,
488 1181 560 1233 intra
578 1181 746 1234 munitiones
766 1191 921 1236 castrorum

126 1263 246 1331 abjiciat.
285 1265 319 1316 In
335 1262 421 1318 literis
440 1262 543 1330 scribit,
555 1279 586 1316 se
602 1279 667 1316 cum
684 1262 839 1331 legionibus
856 1280 922 1333 pro·

126 1346 229 1400 sectum
247 1345 371 1399 celeriter
388 1345 492 1399 affore:
510 1345 643 1413 hortatur,
655 1355 686 1399 ut
703 1345 848 1414 pristinam
866 1346 921 1399 vir·

126 1438 214 1484 tutem
226 1429 350 1483 retineat
389 1429 494 1496 Gallus,
511 1428 664 1496 periculum
681 1429 791 1498 veritus,
810 1439 841 1483 ut
860 1441 921 1486 erat

126 1522 305 1582 praeceptum,
318 1513 455 1581 tragulam
472 1512 564 1566 mittit
602 1514 674 1566 Haec
693 1530 759 1566 casu
771 1514 808 1567 ad
822 1515 921 1568 turrim

127 1596 253 1664 adhaesit,
262 1614 351 1665 neque
364 1598 400 1650 ab
412 1595 514 1650 nostris
526 1594 611 1649 biduo
623 1595 825 1665 animadversa,
838 1597 920 1653 tertio

128 1680 172 1734 die
184 1696 202 1733 a
214 1680 336 1748 quodam
348 1680 435 1734 milite
448 1677 616 1747 conspicitur
623 1696 631 1743 ;
650 1677 765 1746 dempta
776 1679 814 1732 ad
826 1678 920 1732 Cicer·

127 1781 210 1818 onem
221 1762 347 1818 defertur.
388 1764 437 1816 Ille
451 1763 602 1832 perlectam
614 1761 644 1814 in
655 1771 793 1816 conventu
800 1761 920 1816 militum

127 1847 231 1912 recitat,
242 1845 417 1914 maximaque
429 1861 526 1897 omnes
538 1844 634 1898 latitia
643 1843 736 1897 afficit.
766 1845 841 1897 Tum
850 1843 920 1897 fumi

127 1929 318 1984 incendiorum
342 1929 437 1997 procul
460 1928 633 1995 videbantur,
653 1943 717 1997 quae
737 1945 781 1982 res
805 1944 920 1982 omnem

127 2010 330 2065 dubitationem
342 2010 477 2064 adventris
489 2009 630 2078 legionum
641 2009 752 2078 expulit.

162 2094 265 2147 XLIX.
286 2093 367 2161 Galli,
380 2109 409 2146 re
422 2093 534 2161 cognita
551 2109 601 2160 per
618 2093 812 2162 exploratores,
825 2092 918 2146 obsid-

127 2177 221 2232 Ionem
248 2176 414 2245 relinquunt,
441 2175 479 2229 ad
506 2177 647 2229 Caesarem
674 2175 803 2228 omnibus
830 2175 918 2242 copiis

127 2259 318 2325 contendunt;
343 2276 384 2313 eae
405 2268 484 2312 erant
508 2271 678 2311 armatorum
703 2256 811 2311 circiter
830 2257 919 2311 millia

126 2344 277 2412 sexagInta
310 2342 415 2410 Cicero,
425 2342 491 2395 data
502 2340 642 2407 facultate,
651 2339 763 2392 Gallum
773 2340 808 2392 ab
819 2339 918 2393 eodem

125 2425 283 2492 Verticone,
305 2440 388 2493 quem
419 2438 503 2493 supra
526 2420 786 2488 demonstravimus,
807 2419 915 2488 repetit,

125 2507 172 2576 qui
185 2508 278 2561 literas
290 2507 328 2559 ad
342 2507 481 2560 Caesarem
492 2504 606 2568 referat;
625 2503 699 2556 hunc
712 2503 853 2571 admonet,
866 2503 918 2557 iter

125 2588 206 2642 caute
233 2589 432 2658 diligenterque
460 2586 565 2642 faciat:
594 2585 739 2656 perscribit
766 2586 795 2639 in
821 2586 916 2654 literis,

125 2670 220 2726 hostes
237 2673 273 2726 ab
288 2687 319 2728 se
333 2670 502 2739 discessisse,
514 2685 681 2740 omnemque
698 2669 735 2723 ad
754 2686 818 2723 eum
835 2669 916 2723 mult·

83 2894 142 3079 Ὶ

163 3122 667 3161 ω...-
