1928 3344
95 211 128 265 1⁶
304 210 334 264 c.
352 207 469 280 Jmn
491 208 677 264 cAEsaan

93 349 234 405 faciendas
242 358 384 405 curaverat
392 365 507 403 numero
516 350 665 420 sexaginta,
675 352 889 418 perpaucaeloc·

91 440 295 503 umcaperent;
309 433 421 504 reliquae
429 433 486 487 fere
498 448 595 486 omnes
603 432 787 502 rejicerentur.
808 434 889 503 Quas

91 532 177 587 quum
200 515 370 586 aliquamdiu
394 515 490 568 Caesar
513 515 614 569 frustra
628 513 831 582 exspectasset,
852 532 889 573 ne

91 600 158 653 anni
181 608 306 668 tempore
331 614 350 651 a
374 596 552 665 navigatione
581 595 778 665 excluderetur,
808 597 888 669 quod

92 683 287 752 aequinoctium
306 679 425 748 suberat,
442 680 599 734 necessario
617 677 760 748 angustiis
781 681 888 738 militer

92 764 244 831 collocavit,
257 778 299 831 ac,
310 766 419 815 summa
430 762 626 832 tranquillitate
634 768 816 832 consequuti,
825 780 887 820 sec·

91 846 168 899 unda
182 843 250 898 inita
263 860 348 914 quum
361 843 487 899 solvisset
495 845 597 913 vigilia,
604 844 694 914 prima
704 845 767 899 luce
780 852 886 902 terram

92 927 192 996 attigit,
205 942 358 996 omnesque
369 926 521 981 incolumes
533 942 618 981 naves
630 925 764 996 perduxit.

126 1011 231 1064 XXIV.
252 1008 401 1063 Subductis
413 1009 539 1077 navibus,
553 1008 725 1078 concilioque
738 1008 886 1066 Gallorum

93 1092 295 1148 Samarobrivae
312 1099 433 1161 peracto,
451 1090 527 1161 quod
544 1107 578 1145 eo
590 1091 886 1149 annofrumentumin

93 1177 185 1231 Gallia
196 1185 307 1247 propter
318 1175 457 1230 siccitates
469 1172 612 1243 angustius
620 1181 793 1244 provenerat,
802 1191 885 1231 coac-

91 1270 135 1315 tus
155 1269 197 1315 est
209 1259 296 1327 aliter,
311 1274 346 1312 ac
367 1256 552 1326 superioribus
573 1255 663 1324 annis,
681 1255 834 1311 exercitum
854 1259 885 1313 in

91 1342 214 1395 hibernis
233 1341 376 1407 collocare,
393 1339 572 1407 legionesque
592 1338 622 1391 in
642 1337 734 1407 plures
755 1338 885 1398 civitam

91 1422 254 1476 distribuere
266 1438 272 1474 :
284 1437 319 1473 ex
331 1420 430 1488 quibus
442 1436 527 1473 unam
539 1420 568 1472 in
581 1420 707 1474 Morinos
723 1420 883 1477 ducendam

93 1504 161 1557 Caio
169 1503 258 1556 Fabio
266 1502 359 1570 legato
368 1502 460 1567 dedit;
473 1502 589 1556 alteram
598 1503 627 1556 in
637 1503 755 1559 Nervios
766 1504 885 1574 Quintio

91 1585 233 1649 Ciceroni;
248 1584 358 1638 tertiam
369 1584 398 1637 in
408 1585 514 1639 Essuos
524 1585 608 1640 Lucio
621 1586 738 1652 Roscio;
752 1595 885 1657 quartam

89 1667 119 1725 ln
132 1668 228 1724 Remis
241 1684 305 1722 cum
316 1667 383 1722 'l'ito
397 1667 519 1722 Labieno
531 1667 561 1720 in
570 1667 691 1722 confinio
703 1668 884 1726 Trevirorum

90 1753 214 1807 hiemare
222 1751 321 1822 Jussit3
334 1759 390 1806 tres
402 1749 430 1803 in'
444 1749 541 1818 Belgio
559 1750 720 1805 collocavit:
740 1750 785 1804 his
804 1752 883 1807 Mar·

90 1851 154 1889 cum
173 1834 314 1901 Crassum,
335 1841 509 1903 quaestorem,
531 1841 559 1886 et
584 1831 700 1886 Lucium
721 1833 882 1891 Munatium

91 1918 225 1971 Plancum
244 1924 271 1968 et
292 1914 392 1967 Caium
415 1912 595 1982 Trebonium,
620 1914 735 1982 legatos,
746 1914 881 1982 praefecit.

91 2000 186 2054 Unam
197 1995 343 2063 legionem,
355 2010 440 2065 quam
451 1994 576 2063 proxime
593 2003 670 2049 trans
689 1995 797 2048 Padum
813 2012 882 2052 con-

88 2079 245 2147 scripserat,
258 2084 285 2129 et
298 2075 425 2131 cohortes
443 2076 567 2147 quinque
584 2077 613 2132 in
629 2078 881 2148 Eburones—quo-

87 2178 222 2232 rumpars
231 2159 354 2213 maxima
362 2170 405 2214 est
413 2161 485 2216 inter
495 2163 609 2215 Mosam
617 2177 652 2215 ac
665 2161 880 2232 Rhenum—qui

88 2247 139 2300 sub
161 2243 277 2313 imperio
295 2241 464 2311 Ambiorigis
480 2252 509 2296 et
531 2243 666 2298 Cativolci
686 2251 772 2311 erant,
792 2243 877 2300 misit

89 2329 142 2383 His
151 2325 285 2381 militibus
292 2322 426 2393 Quintum
434 2324 572 2378 Titurium
580 2325 716 2380 Sabinum
724 2334 752 2380 et
762 2325 878 2382 Lucium

85 2408 303 2466 Aurunculeium
317 2406 437 2475 Cottam,
447 2406 562 2475 legatos,
574 2424 695 2476 praeesse
704 2407 793 2477 jussit.
829 2409 878 2465 Ad

84 2495 159 2547 hunc
170 2492 286 2546 modum
298 2488 452 2544 distributis
462 2488 625 2557 legionibus,
632 2489 763 2544 facillime
773 2489 877 2560 inopia

84 2575 272 2631 frumentariae
290 2588 353 2628 sese
367 2571 473 2627 mederi
489 2587 574 2642 posse
591 2572 774 2630 existimavit:
791 2583 876 2645 atque

84 2660 183 2713 barum
200 2664 295 2710 tamen
307 2653 432 2710 omnium
442 2653 560 2721 hiberna
578 2653 689 2725 (praeter
705 2671 777 2725 eam,
789 2671 875 2725 quam

86 2741 170 2799 Lucio
183 2737 286 2793 Roscio
294 2737 323 2792 in
334 2736 541 2794 pacatissimam
555 2745 583 2792 et
593 2737 795 2811 quietissimam
811 2754 873 2811 par·
