1928 3344
193 221 254 273 DE
275 220 409 275 BELLO
435 220 616 288 GALLICO,
635 220 713 275 LIB.
737 220 764 273 V
844 235 873 287 17

83 370 141 413 tem
154 360 311 415 ducendam
328 361 462 431 dederat),
474 361 596 415 millibus
611 377 746 430 passuum
764 370 876 415 centum

82 443 302 497 continebantur.
342 445 407 512 Ipse
419 443 531 512 interea,
544 443 638 513 quoad
645 443 768 511 legiones
777 443 876 496 colloc-

82 524 158 578 asset
187 525 349 593 munitaque
382 525 499 579 hiberna
522 525 707 595 cognovisset,
731 524 760 577 in
786 526 876 579 Gallia

82 607 185 659 morari
198 607 348 662 constituit

119 689 209 743 XXV.
238 691 307 743 Erat
329 690 359 743 in
385 690 551 744 Carnutibus
577 706 686 744 summo
708 691 771 744 loeo
795 700 877 744 natus

83 771 241 841 Tasgetius,
267 772 344 841 cujus
364 775 485 843 majores
509 773 538 826 in
560 780 611 827 sua
630 774 742 828 civitate
761 791 877 844 regnum

83 855 266 910 obtinuerant
287 855 362 910 Huic
377 857 480 925 Caesar,
492 873 543 926 pro
556 857 615 926 ejus
628 858 729 912 virtute
746 866 829 927 atque
847 859 877 911 in

83 953 114 990 se
133 937 335 1006 benevolentia,
357 937 432 1007 quod
451 939 481 991 in
500 938 629 992 omnibus
647 939 727 993 bellis
745 938 877 1007 singulari

83 1018 143 1086 ejus
155 1024 242 1088 opera
256 1019 344 1073 fuerat
356 1037 432 1087 usus,
450 1020 588 1088 majorum
605 1022 698 1074 locum
713 1021 876 1074 restituerat.

83 1100 208 1155 Tertium
214 1103 275 1171 jam
282 1102 356 1155 hunc
369 1119 473 1154 annum
486 1112 648 1170 regnantem
660 1102 766 1156 inimici
775 1103 877 1171 palam,

82 1183 178 1238 multis
202 1184 287 1238 etiam
305 1201 339 1237 ex
357 1184 470 1238 civitate
487 1185 654 1253 auctoribus,
673 1185 877 1239 interfecerunt.

84 1265 216 1320 Defertur
228 1282 262 1319 ea
274 1282 318 1319 res
331 1266 369 1318 ad
382 1265 529 1319 Caesarem.
568 1267 618 1319 Ille
630 1266 742 1336 veritus,
755 1266 830 1336 quod
842 1267 879 1320 ad

82 1348 177 1418 plures
186 1347 350 1417 pertinebat,
355 1364 391 1402 ne
401 1347 498 1401 civitas
508 1365 603 1401 eorum
610 1348 732 1418 impulsu
742 1349 878 1418 deficeret,

85 1429 202 1504 Luciurn
213 1430 348 1484 Plancum
361 1446 425 1484 curn
436 1430 545 1499 legione
558 1447 591 1485 ex
604 1431 700 1500 Belgio
713 1431 838 1487 celeriter
849 1431 878 1484 in

86 1514 221 1567 Carnutes
232 1512 370 1582 proficisci
379 1513 466 1582 jubet,
479 1513 572 1583 ibique
590 1513 714 1568 hiemare
721 1533 729 1579 ;
750 1530 878 1582 quorum·

84 1611 139 1667 que
155 1601 239 1664 opera
262 1595 422 1663 cognoverit
440 1595 603 1663 Tasgetium
623 1595 806 1663 intersectum,
826 1595 878 1648 hos

84 1677 302 1745 comprehensos
315 1677 352 1728 ad
365 1692 395 1729 se
407 1676 523 1730 mittere.
562 1678 678 1730 Interim
695 1678 731 1731 ab
750 1679 879 1730 omnibus

84 1758 185 1826 legatis
201 1756 449 1825 quaestoribusque,
472 1755 573 1824 quibus
598 1756 722 1824 legiones
737 1757 878 1811 transdid-

84 1848 151 1906 erat,
162 1837 261 1892 certior
269 1836 360 1891 factus
373 1845 424 1904 est,
436 1837 465 1889 in
477 1837 594 1890 hiberna
605 1847 769 1906 perventum
775 1839 878 1892 locum·

84 1939 140 1992 que
151 1921 275 1976 hibernis
289 1936 352 1974 esse
363 1920 510 1984 munitum,

120 2003 225 2056 XXVI.
246 2001 354 2055 Diebus
366 2000 475 2055 circiter
487 1999 655 2070 quindecim,
664 2000 764 2072 quibus
777 2002 806 2056 in
818 2003 879 2057 hib-

85 2101 153 2140 erna
178 2094 294 2139 ventum
317 2092 369 2152 est,
393 2082 503 2138 initium
527 2084 664 2154 repentini
688 2087 821 2140 tumultis
845 2103 878 2140 ac

86 2167 248 2222 delectionis
270 2176 361 2221 ortum
381 2175 424 2220 est
444 2167 481 2220 ab
498 2166 661 2236 Ambiorige
679 2178 707 2223 et
720 2168 879 2225 Cativolco:

86 2250 133 2320 qui
147 2266 233 2320 quum
241 2250 279 2303 ad
288 2249 357 2303 fines
370 2249 447 2318 regni
457 2249 500 2303 sui
508 2250 613 2304 Sabino
624 2251 768 2320 Cottaeque
776 2261 879 2321 praesto

85 2333 210 2400 luissent,
222 2332 447 2400 frumentumque
458 2331 488 2385 in
497 2332 614 2386 hiberna
622 2334 879 2402 comportavissent,

88 2413 270 2468 Indutiomari
288 2414 394 2467 Treviri
406 2415 510 2468 nuntiis
522 2416 633 2484 impulsi
646 2432 712 2469 suos
724 2415 880 2468 concitave-

85 2506 149 2552 runt
161 2495 316 2565 subitoque,
329 2497 469 2565 oppressis
480 2497 671 2565 lignatoribus,
682 2503 786 2564 magnai
795 2514 880 2551 manu

85 2587 178 2635 castra
190 2589 380 2648 oppugnatum
389 2589 529 2634 venerunt
559 2580 652 2647 Quum
663 2579 786 2634 celeriter
792 2580 880 2632 nostri

85 2678 164 2716 arma
177 2660 316 2730 cepissent
328 2662 487 2731 vallumque
499 2661 700 2730 ascendissent,
713 2670 805 2732 atque,
823 2670 880 2716 una

85 2762 119 2800 ex
131 2754 209 2816 parte
224 2744 360 2814 Hispanis
372 2743 509 2815 equitibus
522 2743 640 2813 emissis,
652 2746 891 2814 equestriprmx'xo

476 2833 497 2878 C
