1928 3344
206 226 266 279 DE
288 226 423 282 BELLO
448 225 629 295 GALLICO,
648 227 723 282 ΜΒ.
748 227 776 282 V.
855 241 885 295 13

96 366 171 436 quod
183 367 286 421 flumen
298 381 355 419 uno
374 367 487 420 omnino
504 369 567 421 loco
585 366 711 436 pedibuS,
729 376 814 436 atque
831 366 884 420 hoc

96 465 177 518 aegre,
190 449 300 503 transiri
311 457 409 517 potest
447 449 490 503 Eo
510 465 595 519 quum
612 449 741 518 venisset,
760 449 885 502 animum

96 531 215 586 advertit
245 532 282 585 ad
303 531 419 585 alteram
439 532 560 585 fluminis
579 531 669 601 ripam
689 548 805 599 magnas
825 548 887 586 esse
943 597 946 602 .

95 613 190 683 copias
208 613 330 667 hostium
348 613 514 668 instructas:
531 615 593 682 ripa
610 622 703 667 autem
720 622 780 668 erat
797 615 886 668 acutis

97 695 212 750 sudibus
232 696 351 765 praefixis
369 696 493 761 munita3
513 696 692 765 ejusdemque
708 696 816 765 generis
835 698 887 750 sub

97 783 171 847 aqui
183 779 281 833 defixae
297 779 380 833 sudes
393 779 506 833 flumine
524 778 693 847 tegebantur.
732 779 787 832 His
804 779 887 832 rebus

97 860 215 929 cognitis
235 878 254 914 a
274 861 391 929 captivis
413 861 598 931 perfugisque,
618 862 721 930 Caesar,
742 862 887 930 praemisso

95 943 227 1012 equitatu,
241 943 386 998 confestim
396 943 520 1012 legiones
533 944 663 1012 subsequi
672 943 761 1013 jussit
787 944 844 998 Sed
853 949 884 998 ea

96 1026 235 1081 celeritate
244 1035 328 1097 atque
336 1042 370 1080 eo
379 1027 483 1097 impetu
491 1027 694 1095 militesierunt,
703 1042 789 1098 quum
798 1027 888 1096 capite

96 1109 156 1162 solo
168 1124 202 1162 ex
213 1115 287 1179 aqua
298 1117 444 1177 exstarent,
456 1118 487 1162 ut
498 1109 591 1163 hostes
603 1109 737 1179 impetum
748 1109 887 1177 legionum

96 1200 181 1260 atque
215 1190 339 1260 equitum
364 1189 497 1244 sustinere
523 1206 580 1242 non
608 1198 731 1258 possent,
758 1191 888 1261 ripasque

96 1271 266 1326 dimitterent
278 1287 312 1325 ac
324 1287 355 1326 se
366 1270 440 1340 fugae
448 1271 620 1325 mandarent

132 1354 211 1409 XIX.
232 1353 452 1422 Cassivelaunus,
475 1361 507 1407 ut
528 1353 612 1423 supra
629 1353 887 1424 demonstravimus,

97 1437 173 1493 omni
182 1435 310 1506 deposita
318 1453 369 1506 spe
378 1436 570 1506 contentionis,
578 1436 699 1491 dimissis
708 1438 887 1508 amplioribus

97 1519 887 1590 copiis,millibuscirciterquatuoressedariommrelictis,

96 1602 195 1657 itinera
206 1611 302 1656 nostra
313 1603 448 1671 servabat,
460 1603 656 1673 paululumque
668 1619 701 1657 ex
710 1603 756 1656 via
773 1604 887 1658 excede-

96 1685 153 1754 bat,
165 1684 289 1753 locisque
294 1684 441 1754 impeditis
453 1701 487 1739 ac
499 1685 671 1740 silvestribus
689 1702 750 1740 sese
767 1687 886 1740 occulta·

98 1768 155 1836 bat,
167 1774 251 1836 atque
265 1765 301 1820 iis
318 1766 484 1834 regionibus,
506 1767 605 1836 quibus
623 1783 675 1824 nos
697 1767 749 1821 iter
766 1767 887 1821 facturos

98 1858 273 1920 cognoverat,
287 1865 389 1918 pecora
400 1857 484 1919 atque
495 1848 621 1903 homines
634 1865 668 1903 ex
677 1848 750 1916 agris
763 1848 791 1901 in
804 1848 887 1903 silvas

97 1930 887 2002 compellebattet,quumequitatusnoster,liberi1ispraed-

97 2015 164 2069 andi
174 2013 356 2083 vastandique
365 2020 459 2082 causi,
468 2014 625 2082 seinagros
634 2013 887 2083 effunderet,omni·

97 2098 149 2153 bus
158 2097 210 2150 viis
219 2096 293 2151 notis
305 2095 467 2166 semitisque
478 2096 632 2168 essedarios
643 2112 677 2150 ex
693 2096 768 2150 silvis
782 2096 888 2150 emitte-

97 2179 154 2247 bat,
167 2187 195 2233 et
206 2194 309 2247 magno
322 2194 385 2232 cum
396 2178 518 2248 periculo
527 2188 684 2233 nostrorum
690 2178 815 2248 equitum
824 2194 888 2232 cum

98 2262 132 2316 iis
141 2261 315 2329 confligebat,
328 2270 411 2330 atque
419 2263 473 2316 hoc
480 2270 556 2316 metu
567 2261 650 2316 latius
658 2261 753 2329 vagari
761 2261 888 2330 prohibe·

97 2344 154 2399 bat.
192 2343 418 2413 Relinquebatur,
435 2351 466 2397 ut
489 2360 580 2413 neque
596 2342 705 2411 longius
723 2344 760 2396 ab
777 2343 889 2410 agmine

97 2426 238 2494 legionum
250 2425 355 2480 discedi
366 2425 462 2480 Caesar
470 2434 615 2496 pateretur,
625 2434 654 2480 et
662 2424 771 2479 tantum
778 2424 807 2477 in
814 2425 888 2492 agn’s

98 2507 241 2563 vastandis
252 2508 444 2578 incendiisque
451 2507 585 2563 faciendis
597 2508 724 2562 hostibus
736 2517 887 2577 noceretur,

98 2590 233 2662 quantum
261 2591 357 2646 labore
387 2599 471 2662 atque
494 2591 591 2645 itinere
616 2589 759 2659 legionarii
786 2590 888 2646 milites

98 2674 207 2730 efficere
218 2682 354 2742 poterant

133 2757 195 2812 XX.
213 2756 619 2826 InterimTiinobantes,prope
626 2755 908 2811 mmmmm
