1928 3344
171 216 231 274 na
254 220 387 276 namo
414 217 596 288 aarum,
620 214 697 299 arn.
722 216 750 272 ν.
823 229 855 286 n

65 357 194 413 virtutem
206 359 365 414 testimonio
377 358 518 414 Ciceronis
531 342 721 426 cognoverat²
735 354 778 411 De
789 373 857 410 casu

66 440 163 494 Sabini
190 450 218 496 et
245 443 336 496 Cottae
366 441 466 496 certius
495 458 530 495 ex
559 441 675 510 captivis
705 439 855 508 cognoscit

65 524 180 578 Postero
194 525 239 580 die
252 525 385 579 concione
403 525 499 578 habita
516 540 575 578 rem
593 533 701 592 gestam
719 523 855 592 proponit,

63 607 166 661 milites
179 609 336 662 consolatur
348 617 375 662 et
387 607 550 661 confirmat:
569 606 644 675 quod
661 605 856 659 detrimentum

64 689 148 758 culpa
156 698 184 744 et
192 690 346 744 temeritate
358 690 442 758 legati
454 690 490 743 sit
502 697 656 757 acceptum,
669 688 723 741 hoc
735 687 856 757 aequiore

63 771 159 825 animo
184 772 328 826 serendum
355 773 445 840 docet,
470 771 553 842 quod,
579 771 713 826 beneficio
741 769 856 823 deorum

63 853 261 909 immortalium
273 865 301 909 et
313 855 412 910 virtute
427 871 522 909 eorum
540 853 650 923 expiato
667 851 854 920 incommodo,

63 952 154 1006 neque
171 938 297 992 hostibus
316 939 422 993 diutina
439 937 550 1006 laetatio,
563 952 652 1007 neque
664 935 732 1006 ipsis
746 935 854 1004 longior

63 1018 143 1072 dolor
154 1020 329 1090 relinquatur.

99 1102 179 1155 LIII.
196 1102 311 1156 Interim
321 1103 358 1156 ad
367 1102 520 1157 Labienum
528 1117 577 1171 per
586 1103 690 1154 Remos
699 1098 853 1154 incredibili

63 1183 203 1237 celeritate
224 1183 260 1238 de
279 1184 395 1238 victoria
416 1184 534 1238 Caesaris
558 1182 634 1236 fama
653 1182 793 1251 perfertur,
815 1191 854 1251 ut,

62 1281 150 1334 quum
162 1266 199 1319 ab
211 1266 334 1320 hibernis
348 1266 489 1320 Ciceronis
501 1267 612 1318 abesset
622 1257 709 1318 millia
720 1280 853 1333 passuum

62 1347 172 1401 circiter
192 1348 344 1417 sexaginta,
360 1348 449 1417 ebque
469 1358 533 1417 post
552 1348 651 1401 horam
672 1363 776 1400 nonam
798 1345 853 1400 diei

63 1429 160 1483 Caesar
173 1431 351 1500 pervenisset,
364 1441 428 1484 ante
446 1430 568 1484 mediam
585 1439 696 1484 noctem
708 1429 746 1482 ad
757 1437 851 1498 portas

62 1522 217 1566 castrorum
234 1514 339 1568 clamor
354 1514 475 1582 oriretur,
487 1529 542 1583 quo
554 1513 675 1567 clamore
688 1512 852 1581 significatio

61 1595 185 1650 victoriae
211 1597 411 1666 gratulatioque
435 1596 472 1649 ab
497 1596 592 1649 Remis
618 1595 741 1648 Labieno
766 1595 850 1649 fieret.

63 1678 128 1731 Hac
147 1678 223 1731 fama
241 1679 278 1732 ad
297 1679 425 1732 Treviros
444 1679 557 1747 perlata,
568 1670 784 1745 Indutiomarus,
804 1677 852 1747 qui

61 1769 173 1828 postero
193 1761 238 1814 die
258 1771 349 1815 castra
368 1760 483 1815 Labieni
504 1776 663 1830 oppugnare
684 1760 851 1827 decreverat,

61 1850 146 1894 noctu
158 1842 286 1911 profugit,
295 1842 444 1912 copiasque
453 1858 549 1895 omnes
559 1843 587 1894 in
597 1840 725 1894 Treviros
737 1839 851 1894 reducit.

62 1921 159 1976 Caesar
169 1923 288 1977 Fabium
300 1941 364 1978 cum
376 1923 484 1991 legione
497 1923 526 1975 in
539 1938 589 1974 sua
601 1920 714 1975 remittit
726 1920 852 1989 hiberna,

61 2004 123 2074 ipse
140 2021 204 2058 cum
224 2005 311 2058 tribus
331 2004 485 2072 legionibus
505 2002 608 2056 circum
627 2002 852 2056 Samarobrivam

61 2086 140 2140 trinis
160 2087 282 2140 hibernis
303 2086 425 2140 hiemare
446 2085 587 2140 constituit
598 2103 606 2150 ;
630 2094 666 2153 et,
686 2084 762 2155 quod
782 2085 853 2140 tanti

61 2174 153 2223 motus
176 2168 275 2223 Galliae
295 2169 464 2237 exstiterant,
485 2176 572 2222 totam
592 2166 714 2221 hiemem
733 2167 795 2237 ipse
815 2167 853 2221 ad

61 2249 211 2307 exercitum
228 2267 342 2306 manere
360 2251 489 2304 decrevit
527 2253 603 2304 Nam
615 2250 661 2303 illo
674 2250 852 2304 incommodo

60 2334 97 2387 de
107 2335 203 2388 Sabini
215 2343 305 2388 morte
316 2335 430 2403 perlato,
441 2349 536 2387 omnes
548 2333 604 2388 fere
615 2333 713 2387 Galliae
726 2332 852 2386 civitates

61 2416 96 2469 de
121 2417 194 2469 bello
223 2417 427 2483 consultabant,
451 2415 561 2469 nuntios
590 2414 799 2483 legationesque
822 2413 852 2467 in

61 2513 159 2551 omnes
178 2508 271 2567 partes
291 2498 477 2565 dimittebant,
492 2506 527 2565 et,
542 2496 608 2565 quid
627 2496 725 2564 reliqui
744 2494 852 2549 consilii

61 2589 193 2648 caperent
216 2589 298 2648 atque
323 2580 397 2634 unde
421 2579 529 2633 initium
552 2577 617 2630 belli
641 2577 725 2645 fieret,
747 2577 851 2647 explor-

61 2663 155 2732 abant,
167 2672 357 2732 nocturnaque
369 2662 398 2716 in
410 2663 479 2717 locis
497 2660 612 2714 desertis
631 2660 748 2714 concilia
766 2660 851 2714 habe·

60 2745 136 2800 bant.
174 2746 274 2816 Neque
286 2747 373 2802 ullum
384 2745 441 2800 fere
453 2743 537 2798 totius
553 2742 652 2797 hiemis
669 2753 778 2814 tempus
791 2743 851 2797 sine

436 2838 453 2871 I>
460 2839 473 2871 1
