1928 3344
124 210 143 266 o
333 216 362 271 c.
382 217 496 288 Jvnrr
519 216 705 272 CAESARJS

121 363 151 408 ut
163 354 193 407 in
205 354 296 408 officio
316 356 518 426 Dumnorigem
536 356 696 426 contineret,
714 356 800 409 nihilo
817 365 913 412 tamen

121 435 211 491 secius
229 436 323 492 omnia
347 439 406 509 ejus
431 440 547 494 consilia
568 449 765 509 cognosceret:
789 441 911 509 tandem,

120 519 251 573 idoneam
274 530 374 576 nactus
403 530 605 592 tempestatem,
629 523 731 577 milites
749 522 913 593 equitesque

121 602 307 658 conscendere
326 620 412 658 naves
434 605 519 674 jubet
556 607 602 674 At,
622 605 746 659 omnium
771 605 911 674 impeditis

120 685 911 756 animis,DumnorixcumequitibusAEduorumacastris,

120 767 254 822 insciente
276 768 394 839 Caesare,
419 770 534 824 domum
557 769 700 824 discedere
719 770 811 839 coepit
849 770 913 838 Qua
957 795 960 800 ·

120 864 150 905 re
171 850 306 919 nuntiati,
329 851 431 919 Caesar,
456 852 614 908 intermissa
637 852 806 923 profectione
828 861 912 921 atque

120 932 248 985 omnibus
257 933 339 987 rebus
346 934 911 1004 postpositis,magnampartemequitatus

119 1015 232 1068 adeum
245 1014 447 1085 insequendum
459 1016 551 1086 mittit,
563 1016 720 1085 retrahique
738 1017 869 1085 imperat:
887 1016 911 1070 si

119 1096 176 1150 vim
188 1097 272 1152 faciat
284 1115 375 1167 neque
386 1108 491 1168 pareat,
510 1099 626 1154 interfici
635 1099 714 1168 jubet
727 1116 733 1152 ε
751 1098 819 1151 nihil
836 1099 911 1153 hunc

120 1195 151 1233 se
169 1179 284 1233 absente
302 1197 353 1250 pro
373 1197 442 1235 sano
457 1181 594 1235 facturum
609 1181 765 1250 arbitratus,
779 1181 825 1249 qui
841 1198 911 1251 prae·

119 1263 205 1317 sentis
229 1263 375 1333 imperium
393 1265 566 1333 neglexisset
605 1264 657 1318 Ille
673 1263 748 1317 enim
766 1273 910 1318 revocatus

119 1345 245 1400 resistere
265 1363 299 1400 ac
320 1362 351 1401 se
370 1363 455 1399 manu
477 1346 624 1401 defendere
643 1362 809 1414 suorumque
826 1345 910 1399 fidem

119 1426 267 1494 implorare
279 1428 373 1496 coepit,
386 1443 461 1495 saepe
469 1428 623 1496 clamitans,
632 1428 750 1481 liberum
763 1444 793 1481 se
804 1428 910 1482 liberae·

119 1524 174 1576 que
186 1509 306 1563 civitatis
318 1523 387 1562 esse.
426 1509 479 1576 llli,
491 1518 521 1563 ut
534 1517 592 1563 erat
605 1510 780 1578 imperatum,
793 1510 909 1564 circum-

120 1590 220 1645 sistunt
232 1600 314 1660 atque
326 1590 469 1645 hominem
479 1591 646 1647 interficiunt
650 1612 657 1658 ;
670 1601 699 1647 at
708 1591 794 1645 AEdui
804 1592 909 1662 equites

119 1672 155 1725 ad
166 1673 306 1727 Caesarem
318 1689 414 1726 omnes
427 1682 604 1728 revertuntur.

153 1757 235 1810 Vlll.
265 1755 320 1810 His
338 1757 421 1810 rebus
436 1756 530 1826 gestis,
553 1755 676 1810 Labieno
697 1755 726 1808 in
753 1754 905 1810 continenti

119 1855 182 1893 cum
194 1841 281 1895 tribus
300 1839 454 1908 legionibus
473 1848 501 1894 et
524 1839 648 1909 equitum
660 1838 781 1892 millibus
801 1839 908 1893 duobus

118 1922 221 1990 relicto,
245 1932 276 1976 ut
299 1928 394 1991 portius
417 1931 538 1976 tueretur
560 1931 588 1976 et
612 1937 671 1975 rem
700 1921 907 1976 frumentariam

118 2004 281 2073 provideret,
294 2020 411 2072 quaeque
432 2005 460 2056 in
480 2003 571 2057 Gallia
593 2012 752 2072 gererentur
775 2020 907 2072 cognosc·

118 2095 183 2154 eret,
197 2085 395 2154 consiliumque
415 2102 466 2154 pro
483 2094 608 2155 tempore
626 2096 654 2141 et
671 2103 722 2155 pro
739 2103 769 2141 re
787 2097 906 2156 caperet,

117 2168 248 2237 ipsecum
256 2166 376 2236 quinque
385 2167 539 2235 legionibus
549 2168 642 2237 etpari
652 2184 767 2222 numero
775 2169 906 2239 equitum,

117 2266 200 2321 quem
212 2250 241 2303 in
256 2249 408 2304 continenti
419 2249 599 2318 relinquebat,
618 2250 684 2303 solis
702 2265 802 2304 occasu
820 2268 906 2306 naves

118 2332 207 2401 solvit,
220 2342 248 2388 et
259 2332 314 2387 leni
326 2332 420 2386 Africo
432 2342 586 2402 provectus,
599 2332 692 2385 medie
704 2333 812 2388 circiter
823 2344 905 2389 nocte

115 2425 199 2469 vento
223 2413 388 2482 intermisso,
411 2430 522 2468 cursum
543 2429 600 2466 non
624 2412 720 2480 tenuit,
745 2423 773 2467 et
797 2415 905 2485 longius

116 2498 223 2552 delatus
245 2507 323 2567 aestu,
343 2503 404 2550 orta
424 2497 493 2564 luce,
516 2496 568 2549 sub
593 2494 706 2548 sinistra
731 2496 906 2552 Britanniam

117 2580 241 2634 relictam
253 2580 403 2650 conspexit
440 2580 514 2630 Tum
534 2592 636 2644 rursus,
649 2582 733 2632 aestns
754 2591 905 2636 commuta·

114 2660 219 2716 tionem
239 2670 378 2729 sequutus,
399 2659 482 2715 remis
504 2659 655 2729 contendit,
672 2668 702 2714 ut
722 2677 786 2716 eam
796 2673 903 2732 partem

114 2743 211 2800 insulae
221 2751 339 2812 caperet,
352 2742 407 2811 qua
425 2741 560 2811 optimum
578 2757 640 2798 esse
658 2759 799 2814 egressum
810 2760 901 2814 super·

49 3022 247 3148 ’ἢ

289 3206 689 3237 Q-——ss-
