1928 3344
182 200 242 254 DE
266 201 399 256 BELLO
425 200 606 270 GALLICO,
629 199 707 255 LIB.
733 201 759 256 V.
832 214 865 270 23

78 355 133 393 non
146 340 204 394 sine
217 357 327 394 summo
346 342 444 396 timore
464 351 492 396 et
512 342 704 412 desperatione
715 342 744 395 id
762 342 866 395 sactum

76 421 230 476 videbatur.
268 424 405 477 Praeterea
428 423 538 492 accidit,
563 425 638 494 quod
667 424 725 478 fie'ri
752 441 867 478 necesse

76 513 143 572 erat,
157 514 188 559 ut
208 505 292 574 vulgo
313 506 415 560 milites
435 508 472 560 ab
493 506 579 575 signis
601 506 783 574 discederent,
803 523 867 576 quae

76 589 193 657 quisque
206 604 301 643 eorum
313 588 458 642 carissima
474 589 598 655 haberet,
610 587 647 640 ab
659 587 866 657 impedimentis

76 678 170 739 petere
182 679 267 737 atque
279 669 405 738 abripere
423 678 590 739 properaret,
603 671 725 724 clamore
742 686 776 724 ac
800 670 866 724 fletu

76 752 171 804 omnia
183 752 392 822 complerentur.

111 834 245 887 XXXIV.
264 835 302 887 At
313 834 439 888 barbaris
451 834 598 889 consilium
610 851 666 889 non
679 833 765 888 defuit
777 852 784 889 ε
800 851 866 887 nam

76 915 163 969 duces
181 931 277 970 eorum
295 923 354 970 tota
372 917 432 971 acie
449 917 629 986 pronuntiare
642 918 793 987 jusserunt,
806 917 866 970 “ne

77 998 140 1066 quis
165 998 202 1051 ab
214 999 278 1051 loco
298 998 475 1053 discederet:
505 999 614 1052 illorum
644 1014 706 1053 esse
731 998 866 1067 praedam,

76 1090 160 1150 atque
172 1081 226 1134 illis
247 1081 389 1149 reservari,
402 1097 585 1151 quaecumque
603 1080 725 1135 Romani
742 1081 866 1150 reliquis-

76 1172 159 1218 sent:
180 1163 298 1232 proinde
316 1164 412 1217 omnia
432 1164 461 1216 in
478 1164 594 1217 victoria
615 1164 706 1232 posita
727 1162 866 1216 existima·

76 1245 161 1299 rent?
197 1247 287 1299 Erant
299 1254 327 1299 et
338 1245 438 1299 virtute
450 1253 478 1299 et
490 1261 605 1299 numero
623 1245 773 1313 pugnando
785 1261 867 1313 pares

76 1327 172 1396 nostri,
184 1328 332 1381 tamenetsi
347 1330 384 1382 ab
396 1329 467 1382 duce
477 1336 504 1382 et
514 1328 648 1381 afortuna
661 1328 865 1396 deserebantur,

75 1420 170 1465 tamen
183 1427 295 1464 ornnem
308 1427 388 1479 spem
406 1410 503 1464 salutis
515 1411 544 1464 in
556 1410 656 1464 virtute
668 1411 818 1478 ponebant,
830 1419 865 1478 et,

75 1493 183 1564 quoties
208 1509 326 1563 quaeque
350 1493 449 1547 cohors
473 1501 652 1562 procurreret,
671 1493 708 1546 ab
726 1498 760 1546 ea
788 1503 867 1562 parte

74 1591 193 1644 magnus
205 1575 330 1630 hostium
347 1592 479 1629 numerus
497 1574 622 1629 cadebat.
661 1575 766 1642 Quare
778 1576 866 1628 anim·

74 1657 201 1726 adversa,
213 1657 359 1711 Ambiorix
370 1657 541 1726 pronuntiari
557 1656 644 1726 jubet,
656 1665 687 1710 ut
704 1658 800 1726 procul
812 1658 867 1711 tela

74 1739 233 1808 conjiciant,
245 1755 300 1792 neu
314 1738 428 1807 propibs
440 1738 586 1806 accedant,
599 1746 636 1805 et,
655 1753 739 1806 quam
757 1738 786 1790 in
805 1755 866 1806 par·

74 1831 131 1877 tem
157 1821 279 1875 Romani
304 1821 440 1891 impeturn
468 1819 593 1889 fecerint,
618 1820 719 1874 cedant
745 1820 867 1890 (levitate

74 1921 214 1958 armorum
227 1912 254 1958 et
267 1903 430 1973 quotidiana
442 1902 637 1957 exercitatione
649 1902 718 1956 nihil
727 1902 761 1956 iis
773 1903 867 1957 noceri

73 1987 166 2056 posse)
184 2005 190 2042 :
208 2003 301 2040 rursus
320 2002 351 2040 se
373 1987 411 2040 ad
432 1986 513 2055 signa
533 1985 698 2056 recipientes
719 1985 866 2056 insequan-

73 2077 125 2124 tur.

108 2151 225 2204 XXXV.
246 2145 309 2220 Quo
327 2159 467 2221 praecepto
484 2150 521 2203 ab
542 2149 576 2203 iis
596 2149 805 2218 diligentissime
818 2151 867 2205 ob·

73 2241 190 2301 servato,
203 2249 289 2302 quum
307 2233 445 2303 quaepiam
464 2233 563 2287 cohors
575 2248 609 2287 ex
627 2234 694 2287 orbe
712 2242 866 2288 excesserat

74 2323 157 2384 atque
169 2315 304 2384 impeturn
321 2316 431 2384 fecerat,
451 2316 546 2369 hostes
564 2315 739 2370 velocissime
751 2318 865 2386 refugie-

73 2397 149 2451 bant
187 2397 302 2451 Interim
316 2414 378 2451 earn
397 2406 505 2466 partem
523 2397 622 2450 nudari
640 2413 755 2450 necesse
768 2406 826 2451 erat
839 2407 865 2452 et

73 2479 110 2532 ab
121 2479 207 2532 latere
219 2489 315 2550 aperto
327 2481 384 2534 tela
395 2480 488 2549 recipi.
526 2482 641 2547 Rursus,
654 2495 740 2548 quum
758 2480 787 2533 in
801 2496 865 2534 eum

73 2564 174 2629 locum,
187 2563 262 2616 unde
282 2572 361 2618 erant
380 2562 527 2633 progressi,
548 2562 648 2616 reverti
668 2573 818 2632 coeperant,
838 2574 865 2618 et

74 2644 110 2696 ab
123 2642 166 2710 iis,
178 2643 226 2712 qui
238 2653 388 2712 cesserant,
401 2653 429 2698 et
441 2645 477 2697 ab
490 2644 532 2711 iis,
541 2643 588 2713 qui
597 2642 715 2712 proximi
724 2652 864 2714 steterant,

74 2725 360 2780 circumveniebantur
369 2745 377 2793 ;
396 2726 440 2780 sin
459 2734 552 2780 autern
574 2727 667 2780 locum
688 2735 781 2781 tenere
799 2728 864 2779 vell-
