1928 3344
85 227 117 269 ιο
295 212 323 268 c.
342 213 458 282 Jurrr
479 187 665 269 casaris

82 353 169 408 animi
185 352 388 423 voluptatisque
414 359 505 407 causa
555 355 630 408 Loca
650 362 714 406 sunt
734 362 872 420 tempera·

82 434 161 503 tiore,
174 434 258 505 quam
271 435 299 488 in
313 435 413 504 Gallia,
425 435 627 490 remissioribus
636 435 790 504 frigoribus.

118 519 202 572 XIII.
224 517 318 571 Insula
330 524 429 572 natura
444 518 584 587 triquetra,
603 519 680 588 cujus
697 533 783 570 unum
800 515 873 569 latus

84 608 127 655 est
150 609 247 654 contra
272 601 401 655 Galliam
446 600 538 669 Hujus
555 600 649 654 lateris
667 600 737 653 alter
756 598 873 666 angulus

83 684 166 753 -qui
176 693 218 738 est
227 683 264 736 ad
274 683 413 752 Cantium,
421 682 476 752 qub
485 683 541 737 fere
550 699 647 736 omnes
655 681 873 736 exGallianaves

84 766 331 836 appelluntur—ad
347 766 481 819 orientem
496 766 591 832 solem,
608 764 719 818 inferior
737 762 873 816 admeti·

84 847 168 916 diem,
173 856 288 917 spectat.
300 848 363 901 Hoc
371 847 443 901 latus
451 856 526 901 tenet
534 846 642 901 circiter
648 845 735 899 millia
742 859 875 915 passuum

84 928 242 999 quingenta„
291 929 416 982 Alterum
439 929 527 997 vergit
550 928 587 982 ad
606 927 774 996 Hispaniam
791 934 875 994 atque

85 1011 259 1066 occidentem
289 1012 384 1079 solem,
415 1017 471 1081 qua
494 1027 528 1065 ex
557 1020 637 1080 parte
663 1018 706 1064 est
730 1008 875 1075 Hibernia,

85 1093 201 1148 dimidio
213 1094 312 1162 minor,
322 1103 352 1147 ut
364 1093 523 1162 aestimatur,
541 1094 625 1162 quam
644 1090 804 1155 Britannia;
826 1091 876 1144 sed
902 1122 904 1126 ι

85 1175 146 1246 pari
167 1175 267 1245 spatio¹
281 1176 468 1244 transmissus,
493 1185 576 1246 atque
599 1192 633 1228 cx
657 1173 757 1242 Gallia,
780 1180 824 1226 est
847 1172 876 1225 in

86 1259 267 1314 Britanniam.
306 1260 340 1312 In
357 1259 411 1314 hoc
428 1258 521 1312 medio
539 1274 620 1312 cursu
636 1264 679 1310 est
696 1255 794 1323 insula,
813 1270 876 1323 quae

86 1343 240 1411 appellatur
269 1344 374 1408 Mona;
414 1342 568 1410 complures
591 1348 727 1409 praeterea
755 1337 876 1391 minores

24 1485 30 1496 α
87 1424 203 1493 objectae
210 1424 308 1477 insulae
320 1423 510 1477 existimantur
517 1442 525 1488 3
541 1424 576 1477 de
587 1422 687 1492 quibus
699 1420 795 1474 insulis
808 1436 876 1473 non·

87 1504 154 1558 nulli
167 1504 336 1572 scripserunt
348 1504 407 1558 dies
426 1504 571 1558 continuos
584 1504 697 1573 triginta
708 1504 760 1557 sub
777 1503 876 1556 bruma

88 1602 149 1641 esse
168 1595 286 1642 noctem.
333 1588 395 1641 Nos
415 1586 484 1639 nihil
508 1586 543 1640 de
566 1604 600 1640 eo
624 1584 876 1655 percontationibus

87 1668 300 1738 reperiebamus,
309 1669 363 1723 nisi
371 1668 452 1723 certis
465 1685 498 1722 ex
509 1674 583 1738 aqua
594 1668 730 1723 mensuris
738 1667 876 1721 breviores

88 1767 157 1820 esse,
170 1746 255 1822 quam
267 1751 296 1806 in
305 1752 472 1820 continente,
481 1759 578 1806 noctes
586 1751 757 1805 videbamus.
785 1748 877 1817 Hujus

88 1842 131 1888 est
141 1834 284 1903 longitudo
295 1834 399 1903 lateris,
411 1843 440 1889 ut
451 1834 504 1888 fert
515 1834 625 1888 illorum
648 1833 751 1903 opinio,
776 1831 877 1901 septin-

88 1926 233 1984 gentorum
240 1917 364 1972 millium.
381 1917 506 1971 Tertium
514 1926 556 1972 est
564 1926 660 1972 contra
669 1916 876 1987 septentriones,

88 1997 133 2051 cui
144 1998 216 2067 parti
229 1998 305 2051 nulla
322 2007 364 2052 est
382 1999 491 2067 objecta
508 2009 596 2065 terra;
614 1999 664 2054 sed
681 2000 740 2069 ejus
759 2000 877 2067 angulus

88 2079 181 2133 lateris
193 2079 312 2132 maxime
325 2080 361 2133 ad
375 2081 553 2135 Germaniam
571 2091 693 2152 spectat:
709 2081 775 2134 huic
792 2081 878 2135 millia

89 2178 221 2230 passuum
234 2162 392 2230 octingenta
413 2164 442 2217 in
453 2164 655 2233 longitudinem
678 2179 740 2218 esse
758 2162 877 2216 existim-

88 2251 157 2299 atur.
196 2247 241 2298 Ita
256 2245 346 2299 omnis
368 2245 458 2301 insula
478 2256 521 2302 est
540 2247 569 2300 in
581 2244 695 2302 circuitu
706 2245 791 2299 vicies
804 2252 878 2299 cent-

89 2328 266 2383 ummillium
277 2345 419 2398 passuum

124 2412 202 2467 XIV.
217 2413 260 2466 Ex
268 2412 312 2465 his
322 2412 450 2466 omnibus
459 2412 541 2480 longe
549 2419 612 2465 sunt
619 2409 823 2479 humanissimi,
832 2408 880 2479 qui

91 2493 221 2548 Cantium
232 2495 364 2563 incolunt,
382 2511 445 2564 quae
462 2494 597 2562 regioest
614 2493 754 2548 maritima
772 2491 877 2556 omnis;

90 2590 181 2644 neque
202 2577 320 2632 multirm
341 2593 359 2630 a
388 2577 496 2631 Gallica
520 2576 649 2631 differunt
672 2573 879 2630 consuetudine.
923 2588 924 2591 ’

94 2657 241 2711 Interiores
250 2658 373 2727 plerique
384 2658 522 2712 frumenta
533 2675 590 2713 non
600 2668 702 2727 serunt,
712 2659 762 2713 sed
770 2660 843 2712 lacte
854 2663 880 2708 et

93 2753 175 2791 carne
183 2738 288 2807 vivunt,
300 2741 473 2811 pellibusque
485 2750 549 2796 sunt
560 2740 659 2797 vestiti.
698 2741 804 2795 Omnes
815 2736 881 2792 verb
