1928 3344
194 195 253 248 DE
277 193 409 249 BELLO
435 190 616 258 GALLICO,
634 190 711 246 LIB.
736 189 764 242 V.
858 203 871 254 3

82 334 206 403 equitatu
226 334 308 400 valet,
332 347 504 400 magnasque
521 332 606 386 habet
624 307 718 398 copias
739 329 873 398 pediturn,
906 396 909 401 Ι

83 417 276 486 Rhenumque,
288 424 318 470 ut
331 415 415 484 supra
427 413 686 480 demonstravimus,
704 412 800 480 tangit.
839 412 874 463 In

82 504 117 553 ea
128 498 239 553 civitate
252 497 307 550 duo
320 497 356 550 de
367 496 523 566 principatu
535 497 607 549 inter
619 512 649 548 se
658 493 874 561 contendebant,

85 581 291 635 Indutiomarus
303 587 331 633 et
344 578 503 646 Cingetorix
515 596 521 632 :
533 594 567 632 ex
584 576 684 647 quibus
702 576 780 644 alter,
792 575 875 629 slmul

82 672 167 732 atque
185 662 220 717 de
246 661 364 716 Caesaris
381 661 575 730 legionumque
592 661 713 714 adventu
735 658 876 727 cognitum

83 754 133 813 est,
158 745 196 798 ad
214 760 278 799 eum
301 743 393 809 venit3
420 759 451 798 se
471 759 591 812 suosque
615 757 711 796 omnes
735 741 765 794 in
785 740 876 795 officio

83 827 196 895 futuros,
206 843 299 895 neque
308 826 345 880 ab
352 825 475 880 amicitia
485 824 583 894 Populi
596 823 716 879 Romani
723 823 878 878 defecturos

85 908 258 964 confirmavit
267 926 276 973 ;
302 924 419 978 quaeque
425 908 455 961 in
464 908 585 962 Treviris
595 916 761 976 gererentur,
767 905 877 962 ostend·

85 992 115 1046 it
151 994 189 1046 At
203 991 408 1046 Indutiomarus
417 991 571 1060 equitatum
583 989 792 1060 peditatumque
809 1005 878 1058 cog·

85 1090 138 1141 ere,
169 1074 265 1143 iisque,
287 1074 334 1142 qui
355 1090 405 1142 per
425 1082 536 1128 aetatem
561 1073 590 1125 in
620 1072 704 1126 armis
734 1087 875 1126 essenon

85 1155 364 1225 poterant,insilvam
373 1155 555 1208 Arduennam
564 1153 877 1222 abditis-quaeingenti

85 1235 277 1304 magnitudine
289 1253 338 1304 per
349 1236 457 1290 medios
466 1236 536 1289 fines
548 1235 725 1291 Trevirorum
735 1251 753 1288 a
765 1234 878 1288 flumine

87 1317 231 1372 Rhenoad
240 1317 350 1370 initium
358 1318 508 1371 Remorum
515 1316 878 1386 pertinet÷bellumparare

86 1398 211 1453 Instituit.
249 1398 306 1453 Sed
329 1407 513 1467 posteaquam
535 1399 660 1452 nonnulli
685 1398 824 1467 principes
844 1413 877 1452 ex

89 1488 123 1537 ea
136 1481 255 1550 civitate,
268 1489 296 1535 et
312 1480 500 1535 familiaritate
519 1480 702 1550 Cingetorigis
720 1481 834 1534 adducti
852 1489 879 1533 et

88 1564 209 1618 adventu
232 1563 320 1618 nostri
343 1563 478 1618 exercitus
507 1563 652 1632 perterriti,
676 1562 714 1616 ad
740 1563 879 1616 Caesarem

88 1653 229 1713 venerunt,
251 1654 279 1700 et
298 1645 334 1700 de
354 1645 411 1699 suis
431 1645 561 1714 priuatim
579 1646 665 1698 rebus
683 1645 770 1699 abeo
788 1652 881 1712 petere

89 1736 241 1797 coeperunt,
260 1726 392 1795 quoniam
409 1727 514 1781 civitati
527 1727 669 1781 consulere
680 1743 737 1778 non
748 1734 862 1795 possent
872 1744 880 1792 ;

91 1808 304 1876 Indutiomarus,
328 1807 431 1863 veritus
448 1824 485 1863 ne
501 1810 538 1863 ab
556 1809 685 1862 omnibus
703 1808 880 1874 desereretur,

89 1893 196 1960 legatos
215 1890 253 1944 ad
277 1891 416 1944 Caesarem
434 1891 539 1957 mittit;
566 1907 628 1946 sese
645 1890 748 1944 idcirco
769 1891 807 1944 ab
824 1889 881 1944 suis

90 1973 232 2027 discedere
243 1980 327 2041 atque
338 1972 376 2027 ad
388 1988 452 2027 eum
463 1973 556 2028 venire
568 1973 697 2042 noluisse,
710 1972 765 2042 qud
774 1972 881 2027 facilius

90 2055 231 2110 civitatem
243 2054 272 2108 in
285 2054 375 2108 officio
388 2055 548 2124 contineret,
566 2072 603 2110 ne
620 2055 711 2109 omnis
729 2054 882 2109 nobilitatis

91 2136 215 2190 discessu
244 2137 324 2205 plebs
353 2147 466 2206 propter
491 2138 707 2208 imprudentiam
736 2138 880 2192 laberetur.

93 2221 191 2287 Itaque
211 2235 273 2273 esse
296 2219 437 2274 civitatem
455 2221 485 2274 in
505 2226 557 2274 sua
577 2229 723 2289 potestate,
745 2235 837 2288 seque,
859 2218 882 2272 si

57 2302 60 2306 ’
93 2302 188 2356 Caesar
200 2300 378 2376 permitteret,
390 2302 428 2356 ad
446 2303 557 2357 eumin
575 2312 667 2358 castra
684 2311 837 2370 venturum,
856 2310 883 2355 et

92 2377 157 2437 suas
169 2382 343 2452 civitatisque
354 2383 479 2438 fortunas
491 2385 551 2454 ejus
563 2384 628 2438 fidei
640 2383 846 2452 permissurum.

129 2464 177 2518 IV.
203 2464 306 2533 Caesar,
330 2464 382 2519 etsi
402 2465 581 2535 Intelligebat,
607 2471 663 2535 qua
687 2465 722 2519 de
747 2468 832 2518 causa
850 2480 884 2518 ea

93 2547 258 2617 dicerentur,
276 2563 394 2618 quaeque
414 2563 478 2602 eum
502 2565 546 2604 res
563 2549 601 2602 ab
619 2547 746 2602 instituto
764 2547 883 2602 consilio

94 2631 250 2699 deterreret,
258 2637 360 2699 tamen,
370 2646 406 2685 ne
415 2639 542 2685 aestatem
553 2631 583 2684 in
591 2629 713 2684 Treviris
723 2646 884 2685 consumere

94 2720 243 2781 cogeretur,
259 2707 395 2767 'omnibus
412 2711 450 2767 ad
468 2712 659 2794 Britannicum
676 2713 779 2769 bellum
802 2713 889 2767 rebus

471 2805 486 2834 B
495 2807 508 2835 ὓ
